1455 2685
202 285 236 311 v.
253 271 317 312 75.
484 268 784 308 AENEIDOS
840 270 963 308 VIII.
1198 274 1250 310 99

205 383 324 421 Fonte
343 390 456 426 tenet,
484 394 718 431 quocumque
737 379 814 418 solo
834 380 1096 430 pulcherrimus
1115 380 1192 418 exis
1208 396 1221 426 3

205 449 359 499 Semper
378 449 515 486 honore
534 461 627 492 meo,
647 461 787 497 semper
805 446 1032 484 celebrabere
1052 448 1171 493 donis,

203 516 385 568 Corniger
406 515 654 566 Hesperidum
675 514 802 551 fluvius
817 524 989 565 regnator
1006 527 1193 563 aquarum.

203 583 320 621 Adsis
334 596 357 619 o
375 591 516 619 tantum
532 585 540 619 !
564 592 600 619 et
621 581 771 632 propius
791 591 855 618 tua
874 580 1018 618 numina
1036 580 1166 618 firmes.

259 649 318 688 Sic
339 657 529 693 memorat,
545 649 776 699 geminasque
789 648 882 699 legit
901 648 944 684 de
959 647 1071 684 classe
1091 647 1249 692 biremis,

207 715 451 766 Remigioque
470 724 574 765 aptat
591 730 602 760 ;
633 715 749 752 socios
769 715 873 752 simul
892 715 1037 752 instruit
1058 714 1176 752 armis.

204 783 306 822 Ecce
325 784 469 820 autem!
505 782 665 819 subitum
689 791 799 831 atque
824 781 940 818 oculis
969 781 1130 818 mirabile
1150 795 1250 818 mon-

202 849 368 888 Candida
383 863 448 899 per
463 848 586 886 silvam
601 861 685 885 eum
700 847 779 885 fetu
794 847 967 884 concolor
980 848 1063 884 albo
1098 851 1250 898 [strum,

203 915 422 960 Procubuit,
440 914 615 966 viridique
635 914 668 951 in
689 914 813 952 littore
832 915 1070 965 conspicitur,
1091 929 1150 952 sus
1167 931 1177 953 :

203 982 326 1032 Quam
345 981 425 1032 pius
445 982 593 1019 Aeneas
612 981 679 1018 tibi
697 981 803 1025 enim,
833 981 914 1025 tibi,
939 982 1094 1019 maxima
1112 983 1224 1030 Juno,

204 1048 363 1092 Mactat,
382 1061 481 1086 sacra
500 1047 630 1092 ferens,
650 1057 688 1085 et
707 1062 790 1085 cum
805 1062 919 1099 grege
935 1048 1027 1085 sistit
1047 1049 1093 1085 ad
1112 1063 1223 1087 aram.

204 1114 370 1165 Thybris
388 1128 429 1152 ea
450 1115 612 1158 fluvium,
640 1128 749 1164 quam
767 1114 878 1165 longa
897 1124 966 1158 est,
982 1124 1091 1152 nocte
1110 1125 1253 1153 tumen-

204 1182 344 1227 Leniit,
363 1192 401 1220 et
420 1182 534 1220 tacita
553 1181 706 1218 refluens
725 1181 776 1218 ita
795 1181 957 1219 substitit
979 1183 1089 1226 unda,
1150 1187 1249 1235 [tem

203 1250 310 1289 Mitis
330 1259 371 1287 ut
390 1250 425 1286 in
445 1262 581 1286 morem
601 1249 735 1299 stagni,
761 1247 998 1299 placidaeque
1018 1249 1172 1299 paludis,

206 1318 391 1354 Sterneret
410 1329 547 1366 aequor
564 1315 680 1366 aquis,
701 1329 799 1352 remo
815 1325 855 1352 ut
870 1315 1052 1353 luctamen
1072 1318 1224 1357 abesset.

205 1383 312 1434 Ergo
331 1383 400 1420 iter
418 1383 605 1432 inceptum
625 1381 779 1419 celerant
798 1397 809 1427 ;
825 1395 967 1420 rumore
987 1385 1147 1421 secundo

205 1449 365 1488 Labitur
383 1458 494 1486 uncta
513 1449 611 1486 vadis
631 1449 727 1486 abies
746 1465 756 1493 3
787 1449 962 1486 mirantur
980 1459 1018 1487 et
1038 1451 1168 1497 undae,

205 1515 365 1553 Miratur
384 1529 508 1552 nemus
527 1515 720 1559 insuetum,
741 1515 918 1567 fulgentia
932 1516 1042 1567 longe

206 1582 322 1620 Scuta
341 1581 452 1619 virum
475 1581 582 1619 fluvio
601 1583 791 1632 pictasque
810 1582 929 1619 innare
949 1583 1096 1622 carinas.

206 1648 284 1688 Olli
304 1648 455 1700 remigio
476 1658 693 1699 noctemque
714 1649 883 1699 diemque
902 1649 1076 1701 fatigant,

205 1716 259 1754 Et
278 1715 408 1767 longos
428 1725 597 1765 superant
618 1716 746 1760 flexus,
775 1715 951 1766 variisque
971 1725 1150 1767 teguntur

204 1782 429 1828 Arboribus,
448 1782 640 1833 viridisque
661 1791 783 1820 secant
797 1782 940 1834 placido
961 1797 1117 1834 aequore
1138 1784 1253 1822 silvas·

207 1849 272 1888 Sol
292 1849 450 1886 medium
469 1848 561 1886 coeli
580 1849 838 1886 conscenderat
859 1850 987 1900 igneus
1007 1851 1132 1887 orbem
1150 1865 1160 1888 ε

206 1917 332 1967 Quum
352 1929 473 1952 muros
491 1929 683 1966 arcemque
703 1916 846 1966 procul,
867 1930 907 1954 ac
928 1930 1006 1954 rara
1025 1917 1217 1954 domorum

206 1984 340 2027 Tecta,
373 1982 495 2020 vident
514 1999 524 2028 ς
554 1996 645 2033 quae
666 1997 760 2020 nunc
785 1983 950 2020 Romana
970 1984 1133 2033 potentia
1152 1983 1257 2022 coelo

206 2048 394 2099 Aequavit
412 2063 423 2086 ε
453 2057 532 2085 tum
552 2063 607 2086 res
626 2049 752 2099 inopes
774 2050 965 2086 Evandrus
986 2050 1157 2088 habebat.

208 2114 324 2153 Ocius
342 2115 534 2152 advertunt
555 2130 692 2166 proras,
714 2116 867 2166 urbique
887 2117 1146 2166 propinquant.

260 2181 372 2221 Forte
392 2182 450 2219 die
468 2182 674 2222 sollemnem
693 2183 756 2220 illo
776 2197 838 2221 rex
859 2184 982 2222 Arcas
1002 2183 1175 2224 honorem

687 2250 779 2288 ΝΞ
