1455 2685
212 277 245 299 v.
263 261 328 302 75.
495 262 797 301 AENEIDOS
855 266 951 305 VII.
1209 271 1262 307 69

213 375 437 427 Regalisque
457 390 606 414 accensa
625 390 759 420 comas,
779 390 928 414 accensa
948 391 1132 423 coronam,

211 443 397 494 Insignem
417 443 594 494 gemmis3
624 454 702 480 tum
723 443 861 480 fumida
880 443 1012 480 lumine
1034 444 1133 482 fulvo

210 509 363 554 Involvi,
383 524 424 547 ac
444 510 532 547 totis
551 510 758 547 Volcanum
779 523 949 561 spargere
974 511 1095 547 tectis.

206 576 252 613 ld
275 590 356 613 vero
375 576 594 613 horrendum
615 590 656 613 ac
677 576 753 612 visu
775 576 934 613 mirabile
954 575 1038 613 ferri
1055 592 1064 615 ε

205 642 374 692 Namque
394 641 472 679 fore
490 642 667 680 illustrem
687 642 794 687 fama,
821 642 992 692 fatisque,
1013 645 1192 682 canebant

204 709 325 760 Ipsam
342 725 353 756 ;
383 710 446 749 sed
465 709 603 760 populo
624 723 795 761 magnum
815 711 1032 760 portendere
1052 711 1198 748 bellum.

253 776 315 814 At
335 790 412 822 reX,
433 776 608 814 sollicitus
627 778 809 821 monstris,
830 776 976 814 oracula
998 777 1128 822 Fauni,

200 843 357 880 Fatidici
377 843 566 895 genitoris,
586 843 675 888 adit,
697 844 871 894 lucosque
891 844 957 881 sub
978 843 1051 881 alta

197 909 367 948 Consulit
387 909 563 949 Albunea
580 926 589 949 z
620 926 808 948 nemorum
830 926 923 961 quae
944 911 1102 949 maxima
1121 926 1222 949 sacro

195 975 316 1013 Fonte
337 986 454 1022 sonat,
484 992 694 1028 saevamque
714 978 860 1016 exhalat
880 992 996 1028 opaca
1016 979 1221 1028 mephitim.

196 1042 299 1080 Hinc
323 1043 436 1081 Italae
456 1054 595 1095 gentes,
617 1046 804 1096 omnisque
827 1045 1006 1083 Oenotria
1026 1044 1148 1090 tellus,

195 1111 239 1148 In
260 1111 378 1149 dubiis
397 1126 568 1162 responsa
587 1121 743 1162 petunt:
776 1113 848 1149 huc
869 1112 963 1148 dona
983 1113 1149 1149 sacerdos

193 1179 320 1228 Quum
341 1179 440 1223 tulit,
467 1188 503 1215 et
524 1192 706 1216 caesarum
728 1179 847 1215 ovium
869 1179 935 1215 sub
956 1188 1064 1215 nocte
1084 1179 1201 1216 silenti

193 1245 354 1283 Pellibus
375 1246 540 1283 incubuit
562 1246 696 1289 stratis,
727 1259 943 1296 somnosque
962 1246 1091 1296 petivit
1111 1262 1122 1292 ;

189 1311 315 1350 Multa
335 1313 450 1349 modis
471 1312 659 1349 simulacra
679 1313 776 1349 videt
798 1312 983 1350 volitantia
1004 1313 1114 1358 miris,

189 1379 244 1417 Et
263 1380 376 1417 varias
394 1380 498 1417 audit
518 1394 637 1424 voces,
658 1379 864 1430 fruiturque
885 1380 1035 1417 deorum

186 1446 398 1497 Colloquio,
419 1456 530 1497 atque
549 1446 627 1484 imis
647 1446 867 1484 Acheronta
884 1447 1017 1484 affatur
1038 1447 1209 1485 Avernis.

185 1512 265 1552 Hic
285 1524 322 1551 et
343 1523 421 1552 tum
442 1523 545 1564 pater
563 1514 654 1563 ipse,
675 1523 801 1564 petens
821 1528 1003 1563 responsa,
1025 1515 1184 1553 Latinus

183 1581 344 1619 Centum
363 1581 540 1633 lanigeras
560 1581 743 1618 mactabat
764 1581 831 1618 rite
851 1581 1009 1618 bidentis
1027 1597 1036 1625 ;

180 1649 314 1697 Atque
333 1647 461 1684 harum
480 1647 628 1685 effultus
648 1658 768 1700 tergo,
791 1648 1001 1697 stratisque,
1017 1648 1178 1698 jacebat,

179 1713 398 1752 Velleribus.
431 1715 563 1753 Subita
581 1729 626 1752 ex
647 1714 721 1752 alto
742 1729 811 1751 vox
833 1714 975 1752 reddita
995 1713 1077 1752 luco
1097 1724 1149 1752 est
1166 1731 1175 1754 ε

178 1781 237 1819 Ne
258 1790 342 1832 pete
360 1782 549 1820 connubiis
569 1792 688 1819 natam
710 1783 846 1819 sociare
870 1782 1025 1826 LatiniS‚

176 1837 214 1887 Ο
235 1863 312 1886 mea
332 1850 522 1902 progenies
540 1853 549 1888 Ξ
582 1849 750 1887 thalamis
770 1864 837 1887 neu
858 1850 965 1887 crede
987 1850 1120 1900 paratis
1138 1866 1146 1887 :

174 1915 331 1953 Externi
351 1916 498 1954 veniunt
519 1917 654 1968 generi,
676 1917 738 1967 qui
760 1917 934 1968 sanguine
955 1926 1121 1954 nostrum

172 1982 317 2020 Nomen
331 1982 365 2019 in
381 1992 476 2020 astra
490 1983 626 2038 fet-anm
645 1998 873 2035 quorumque
890 1985 934 2021 ab
951 1984 1061 2034 stirpe
1076 1993 1227 2033 nepotes

172 2048 307 2086 Omnia
327 2050 394 2088 sub
415 2050 582 2100 pedibus,
604 2066 675 2102 qua
695 2052 750 2089 sol
771 2061 968 2101 utrumque
990 2064 1174 2087 recurrens

169 2114 349 2165 Adspicit
370 2129 559 2161 oceanum,
582 2119 745 2168 vertique
766 2118 916 2169 regique
938 2118 1127 2154 videbunt.

171 2179 279 2219 Haec
300 2196 470 2233 responsa
488 2184 600 2235 patris
622 2185 750 2231 Fauni,
771 2186 1003 2236 monitusque
1025 2184 1141 2223 silenti
