1455 2685
168 294 201 322 v.
221 282 312 322 438.
476 277 779 319 AENEID'OS
837 278 909 318 V1.
1169 284 1221 319 49

166 395 236 433 Fas
256 395 393 438 obstat,
412 393 580 444 tristique
601 392 704 443 palus
723 391 924 429 inamabilis
944 392 1041 429 unda

165 461 329 512 Alligat,
358 470 395 497 et
416 461 537 497 novies
560 461 656 510 Styx
676 458 849 496 interfusa
868 460 1029 496 coercet.
1058 469 1068 476 “·

194 527 275 566 Nec
288 526 418 577 procul
431 526 513 563 hine
527 536 666 577 partem
678 525 749 562 fusi
763 534 1010 562 monstrantur
1021 524 1057 562 in
1070 538 1214 562 omnem

165 593 359 645 Lugentes
379 593 496 643 campi
515 608 525 630 ς
556 593 606 630 sic
625 592 705 629 illos
725 592 867 628 nomine
888 591 1029 630 dicunt.

164 660 257 704 Hic,
277 674 369 710 quos
388 660 499 697 durus
519 673 621 696 amor
639 658 777 697 crudeli
797 659 881 696 tabe
903 657 1061 708 peredit5

165 728 305 765 Secreti
324 726 445 764 celant
465 726 586 771 calles,
618 735 655 763 et
675 734 817 776 myrtea
837 726 975 763 circum

165 793 263 832 Silva
274 794 384 845 tegit:
402 807 509 831 curae
524 807 595 829 non
608 793 685 843 ipsa
697 793 732 829 in
744 801 862 830 morte
877 792 1099 843 relinquunt.
1122 791 1217 843 [len,

165 860 239 897 His
247 861 446 898 Phaedram
456 859 605 896 Procrin
611 858 792 908 quelocis,
799 868 1047 909 moestamque
1057 859 1221 909 Eriphy·

163 926 332 966 Crudelis
351 927 425 963 nati
446 934 707 962 monstrantem
727 924 885 969 volnera,
914 926 1056 970 cernit3

163 993 424 1043 Evadnenque,
443 1001 481 1030 et
502 991 705 1042 Pasiphae-'u
724 1007 732 1030 :
764 991 819 1029 his
842 991 1044 1030 Laodamia

164 1060 204 1097 It
217 1073 352 1104 comes»,
367 1071 417 1105 et,
428 1059 569 1111 juvenis
585 1059 782 1109 quondam,
796 1073 891 1096 nunc
909 1058 1054 1103 femina,
1068 1058 1214 1104 Caenis,

169 1126 325 1171 Rursus,
353 1136 389 1163 et
409 1126 444 1162 in
466 1137 621 1162 veterem
641 1124 719 1161 fato
740 1124 903 1162 revoluta
923 1124 1091 1176 figuram.

165 1195 268 1231 Inter
287 1206 374 1243 quas
396 1192 606 1235 Phoenissa,
627 1204 749 1227 recens
769 1204 789 1226 a
808 1190 966 1237 volnere,
987 1192 1096 1229 Dido·

166 1260 323 1297 Errabat
343 1259 429 1296 silva
448 1259 483 1296 in
504 1271 635 1309 magna
653 1272 661 1295 :
694 1271 802 1307 quam
823 1257 963 1294 Tro'i'us
984 1258 1104 1302 heros,

166 1327 224 1365 Ut
244 1326 398 1378 primurn
414 1328 521 1377 juxta
541 1326 658 1368 stetit,
680 1324 902 1375 agnovitque
923 1338 987 1374 per
1007 1325 1173 1362 umbram

163 1393 387 1437 Obscuram,
407 1392 549 1443 qualem
569 1395 686 1442 primo
707 1392 770 1442 qui
791 1405 938 1442 surgere
959 1405 1078 1428 mense

163 1461 251 1498 Aut
271 1460 382 1504 videt,
410 1469 474 1496 aut
494 1459 623 1496 vidisse
644 1468 764 1509 putat,
786 1472 850 1508 per
869 1457 991 1496 nubila
1013 1458 1159 1496 Lunam
1178 1474 1189 1505 ;

165 1527 327 1566 Demisit
346 1526 524 1571 lacrimas,
553 1526 725 1576 dulcique
745 1525 877 1563 affatus
897 1539 1016 1562 amore
1034 1534 1090 1564 est
1107 1541 1118 1564 z

167 1593 300 1631 Infelix
321 1594 448 1631 Dido!
484 1607 585 1631 verus
606 1594 692 1630 mibi
714 1593 862 1630 nuntius
882 1606 972 1643 ergo

165 1662 326 1699 Venerat
345 1661 576 1705 exstinctam,
602 1660 771 1710 ferroque
790 1669 952 1698 extrema
973 1669 1133 1697 secutam
1150 1661 1160 1697 !

165 1727 317 1765 Funeris
339 1727 409 1764 heu
428 1729 436 1764 !
470 1728 538 1764 tibi
566 1741 690 1765 caussa
711 1727 760 1764 fui
780 1728 793 1765 ἓ
823 1728 893 1765 Per
913 1727 1139 1777 siderajuro,

166 1794 238 1832 Per
255 1806 416 1844 superea,
437 1801 488 1838 et,
510 1794 538 1831 si
559 1808 631 1844 qua
652 1794 741 1831 fides
761 1793 890 1831 tellure
910 1795 978 1831 sub
999 1793 1069 1830 ima
1088 1802 1142 1831 est
1161 1809 1171 1838 ;

167 1861 322 1906 Invitus,
343 1860 481 1912 regina,
503 1872 567 1898 tuo
588 1862 632 1898 de
651 1861 775 1899 littore
793 1861 897 1898 cessi.

167 1927 241 1965 Sed
260 1941 316 1965 me
331 1929 430 1979 jussa
449 1928 570 1973 deum,
592 1941 682 1980 quae
703 1942 799 1965 nunc
819 1928 882 1964 has
903 1928 952 1965 ire
974 1941 1039 1978 per
1059 1928 1217 1975 umbras,

165 1995 238 2032 Per
256 1993 336 2031 loca
349 2003 450 2031 senta
466 1994 551 2038 situ,
572 2004 728 2046 cogunt,
749 2002 971 2044 noctemque
985 1993 1217 2044 profundam,

167 2062 334 2112 Imperiis
352 2075 460 2113 egere
480 2062 551 2098 suis
571 2077 581 2107 ς
611 2076 676 2099 nec
697 2062 843 2099 credere
865 2061 963 2112 quivi

168 2127 284 2165 Hunc
305 2136 447 2165 tantum
467 2128 535 2166 tibi
564 2142 620 2167 me
640 2129 798 2166 discessu
819 2128 911 2166 ferre
931 2128 1109 2166 dolorem.

170 2195 265 2233 Siste
284 2195 452 2245 gradum,
472 2205 582 2247 teque
602 2197 779 2247 adspectu
795 2210 838 2234 ne
858 2195 1030 2234 subtrahe
1050 2204 1194 2233 nostroae

220 2262 338 2302 ΤοΜ.
370 2261 427 2299 ΙΙ.
699 2263 739 2301 G
