1455 2685
184 325 258 361 108
439 320 743 359 AENEIDOS
802 321 924 361 VIII.
1090 337 1124 360 v.
1144 325 1237 364 327.

179 434 233 471 Et
252 433 338 471 belli
359 434 487 476 rabies,
517 443 554 471 ct
580 448 681 470 amor
701 433 876 470 successit
904 434 1074 471 habendi.

176 501 279 539 Tum
299 516 423 538 manus
445 501 615 539 Ausonia
635 510 672 538 et
693 509 822 552 gentes
843 515 970 538 venere
1002 502 1179 539 Sicanae:

178 569 330 619 Saepius
350 578 388 606 et
408 583 536 606 nomen
558 568 681 618 posuit
705 569 876 606 Saturnia
895 569 1017 608 tellus,

173 637 275 674 Tum
288 651 407 688 reges,
420 651 611 686 asperque,
628 635 773 672 immani
790 650 958 686 corpore,
981 636 1148 686 Thybris
1164 652 1174 674 ι

171 703 214 740 Α
236 718 310 753 quo
331 713 416 753 post
440 702 525 739 Itali
547 703 696 739 fluvium
718 703 939 754 cognomine
962 702 1153 753 Thybrim

167 770 371 813 Diximus;
402 769 519 806 amisit
540 783 664 806 verum
686 779 788 806 vetus
809 769 953 806 Albula
974 783 1119 806 nomen.

169 837 251 880 Me,
272 835 419 886 pulsum
439 837 569 886 patria,
590 836 785 888 pelagique
805 846 970 873 extrema
990 845 1217 886 sequentem,

170 904 337 942 Fortuna
357 904 590 953 omnipotens
610 913 646 940 et
668 903 901 941 ineluctabile
922 903 1039 940 fatum

168 970 245 1008 His
264 984 418 1021 posuere
437 970 541 1017 locis,
571 970 769 1020 matrisque
789 984 897 1021 egere
918 971 1106 1007 tremenda

167 1038 374 1076 Carmentis
388 1037 585 1087 Nymphae
599 1037 749 1081 monita,
762 1046 800 1074 et
816 1037 904 1074 deus
920 1046 1052 1074 auctor
1066 1037 1226 1087 Apollo.

220 1106 296 1142 Vix
309 1119 349 1142 ea
365 1104 479 1148 dicta,
496 1104 630 1141 dehinc
644 1117 858 1154 progressus
871 1113 1052 1141 monstrat
1065 1114 1102 1141 et
1117 1118 1228 1150 aram,

166 1173 221 1211 Et
243 1170 510 1211 Carmentalem
534 1171 703 1207 Romano
724 1171 869 1208 nomine
883 1180 1029 1221 portam
1063 1173 1226 1222 [norem‚

165 1241 288 1289 Quam
310 1246 527 1281 memorant,
544 1237 745 1287 Nymphae
759 1236 920 1287 priscum
935 1238 1142 1276 Carmentis
1158 1238 1226 1275 ho-

161 1307 271 1344 Vatis
291 1305 475 1349 fatidicae,
505 1304 637 1342 cecinit
658 1318 750 1354 quae
770 1304 887 1354 prima
916 1304 1062 1343 futuros

161 1373 360 1411 Aeneadas
380 1385 546 1423 magn08‚
575 1380 613 1408 et
634 1370 756 1408 nobile
778 1370 1020 1409 Pallanteum.

161 1440 266 1478 Hinc
279 1439 404 1476 lucum
416 1439 618 1489 ingentem,
634 1451 742 1488 quern
761 1438 944 1475 Romulus
956 1452 1039 1476 acer
1054 1438 1218 1490 Asylum

162 1506 323 1550 Retulit,
344 1515 381 1543 et
401 1505 522 1557 gelida
541 1514 721 1542 monstrat
743 1505 810 1542 sub
831 1519 921 1555 rupe
943 1505 1146 1555 Lupercal,

159 1573 355 1611 Parrhasio
376 1573 516 1609 dictum
539 1572 659 1609 Panos
680 1572 724 1609 de
744 1586 843 1609 more
864 1572 1022 1621 Lycaei.

160 1641 241 1678 Nec
264 1654 335 1676 non
352 1649 390 1677 et
411 1639 502 1676 sacri
523 1648 704 1676 monstrat
724 1653 849 1676 nemus
870 1639 1055 1690 Argileti,

157 1707 413 1756 Testaturque
433 1705 569 1750 locum,
590 1715 627 1742 et
642 1705 756 1742 letum
777 1706 886 1743 docet
906 1705 1066 1756 hospitis
1081 1706 1196 1757 Argi.

156 1775 262 1812 Hinc
282 1773 328 1810 ad
348 1772 546 1822 Tarpeiam
567 1772 701 1818 sedem,
730 1781 767 1809 et
788 1772 987 1822 Capitolia,
1017 1772 1135 1816 ducit,

154 1842 285 1880 Aurea
304 1854 414 1884 nunc,
443 1838 530 1875 olim
551 1838 776 1876 silvestribus
796 1838 943 1875 horrida
973 1838 1107 1876 dumis.

155 1910 237 1947 Jam
257 1917 337 1945 tum
357 1906 484 1958 religio
504 1906 654 1956 pavidos
673 1906 834 1942 terrebat
855 1905 1008 1956 agrestis

153 1976 250 2015 Dira
269 1974 341 2012 loci
358 1989 367 2012 :
386 1976 459 2025 jam
479 1983 559 2011 tum
579 1972 701 2010 silvam
723 1986 922 2022 saxumque
951 1973 1170 2011 tremebant.

157 2043 249 2081 Hoc
265 2056 405 2086 nemus,
420 2041 530 2083 hunc,
547 2041 681 2091 inquit,
701 2039 877 2077 frondoso
894 2041 1027 2077 vertice
1047 2040 1192 2085 collem,

151 2110 246 2161 Quis
263 2108 551 2153 deus‚incertum
563 2108 782 2151 est,habitat
792 2107 898 2145 deus:
915 2107 1210 2157 Arcadesipsum

149 2177 318 2215 Credunt
338 2190 374 2213 se
394 2175 521 2213 vidisse
541 2176 684 2219 Jovem,
706 2188 818 2225 quum
840 2189 946 2225 saepe
967 2174 1171 2226 nigrantem

148 2244 302 2296 Aegida
320 2251 548 2289 concuteret,
579 2244 709 2281 dextra
729 2243 945 2293 nimbosque
975 2242 1098 2280 cieret.
