1455 2685
174 344 210 369 v.
227 329 316 369 103.
457 324 762 366 AENEIDOS
818 325 920 365 XII.
1155 326 1235 363 223

178 443 354 496 Mugitus
373 440 486 480 veluti
500 453 584 478 cum
604 439 722 490 prima
740 438 775 475 in
797 437 935 488 proelia
953 445 1081 475 taurus

177 510 380 550 Ten-ificos
394 509 482 552 ciet,
501 516 614 557 atquc
633 505 738 544 irasci
756 505 792 542 in
813 519 950 543 cornua
964 514 1100 550 tentat,

176 577 340 617 Arboris
359 575 516 614 obnixus
535 584 668 612 trunco
686 589 697 620 ;
726 582 929 623 ventosque
956 572 1100 610 lacessit

178 646 338 691 Ictibus,
365 652 404 682 et
423 656 545 694 sparsa
562 642 608 679 ad
627 654 789 693 pugnam
809 639 973 693 proludit
992 653 1112 678 arena.

231 714 314 752 Nec
333 711 450 749 minus
468 710 621 754 interea,
640 707 811 746 maternis
831 721 957 745 saevus
976 707 1012 744 in
1031 707 1153 753 armis,

175 781 327 820 Aeneas
346 778 445 816 acuit
465 777 644 821 Martem,
663 785 702 814 et
722 790 760 814 se
779 776 933 813 suscitat
952 775 1018 820 ira,

175 846 319 887 oblato
338 845 505 898 gaudens
523 844 696 894 componi
717 843 863 881 foedere
883 842 1051 895 bellum.⁶

173 915 276 954 Tum
298 913 416 951 socios
436 911 640 961 moestique
660 919 798 948 metum
818 909 958 947 solatur
979 908 1067 954 Iuli,

175 981 270 1020 Fata
289 981 424 1018 docens
443 994 454 1026 ;
483 979 635 1030 regique
650 978 757 1030 jubet
778 990 950 1028 responsa
971 976 1112 1014 Latino

172 1049 287 1087 Certa
307 1047 441 1086 referre
461 1045 570 1091 viros,
589 1054 627 1083 et
647 1045 747 1096 pacis
767 1044 886 1082 dicere
905 1043 1018 1095 leges.

228 1116 381 1153 Postera
400 1114 459 1151 vix
480 1126 639 1150 summos
660 1112 858 1164 spargebat
877 1110 1012 1148 lumine
1033 1111 1167 1149 montis

173 1182 271 1221 Orta
290 1181 380 1226 dies,
408 1194 494 1218 cum
514 1180 672 1231 primurn
692 1179 768 1217 alto
788 1193 825 1216 se
846 1179 996 1230 gurgite
1011 1178 1150 1216 tollunt

173 1248 270 1288 Solis
289 1248 387 1299 equi,
415 1247 608 1298 lucemque
627 1246 733 1285 elatis
751 1246 896 1284 naribus
915 1245 1039 1283 efflant
1057 1261 1068 1292 ;

169 1318 353 1367 Campum
373 1316 421 1353 ad
438 1324 621 1353 certamen
638 1328 789 1366 magnae
809 1314 875 1351 sub
895 1314 1085 1351 moenibus
1103 1314 1205 1352 urbis

169 1383 342 1424 Dimensi
364 1382 572 1433 Rutulique
591 1382 670 1427 viri,
699 1381 928 1432 Teucrique,
948 1381 1151 1432 parabant3

170 1452 215 1490 In
235 1450 429 1502 medioque
449 1450 567 1494 focos,
586 1458 625 1487 et
645 1450 702 1487 dis
722 1450 978 1487 communibus
997 1463 1075 1486 aras

169 1520 411 1560 Gramineas:
443 1517 502 1556 alii
521 1517 736 1568 fontemque
755 1517 953 1568 ignemque
974 1516 1154 1563 ferebant,

168 1587 294 1626 Velati
311 1586 413 1631 limo,
441 1594 480 1623 et
499 1586 653 1622 verbena
667 1594 836 1634 tempora
856 1584 981 1622 vincti.

169 1653 344 1693 Procedit
364 1652 464 1705 legio
483 1651 737 1696 Ausonidum,
757 1650 944 1701 pilataque
966 1652 1082 1702 plenis

168 1720 336 1773 Agmina
355 1733 391 1757 se
412 1719 572 1756 fundunt
593 1717 725 1768 portis,
758 1718 862 1756 Hinc
882 1717 1022 1755 Tro‘i'us
1041 1719 1172 1766 omnis,

167 1787 475 1839 Tyrrhenusque,
495 1785 568 1823 ruit
589 1785 694 1822 variis
712 1785 895 1822 exercitus
915 1786 1048 1832 armis3

167 1855 288 1895 Haud
307 1868 411 1892 secus
428 1852 601 1891 instructi
621 1851 732 1897 ferro,
748 1866 857 1903 quam
878 1853 905 1890 si
926 1868 1052 1905 aspera
1072 1853 1207 1893 Martis

167 1923 302 1976 Pugna
320 1930 440 1960 vocet.
471 1921 553 1960 Nec
575 1934 646 1958 non
667 1919 793 1957 mediis
812 1920 848 1957 in
869 1920 1028 1960 millibus
1047 1922 1116 1975 ipsi

166 1990 358 2030 Ductores
376 2003 466 2027 auro
486 1988 652 2032 volitant,
673 1997 861 2039 ostroque,
883 1989 1033 2035 decori3

168 2057 237 2102 Et,
257 2070 373 2108 genus
391 2056 581 2102 Assaraci,
603 2055 834 2100 Mnestheus,
857 2065 895 2094 et
914 2055 1021 2094 fortis
1040 2058 1195 2109 Asylas‚

165 2125 220 2163 Et
241 2123 450 2175 Messapus,
477 2125 612 2175 equum
630 2123 804 2169 domitor,
825 2123 1014 2173 Neptunia
1034 2125 1166 2175 proles,

167 2192 316 2242 thue,
335 2191 423 2229 dato
443 2190 562 2243 signo,
583 2191 699 2242 spatia
719 2191 752 2228 in
774 2204 837 2229 sua
859 2192 1014 2243 quisque
1034 2193 1195 2239 recessit,

167 2258 354 2312 Defigunt
374 2257 503 2297 tellure
522 2258 659 2303 hastas,
686 2267 723 2296 ct
744 2267 848 2296 scuta
867 2258 1057 2298 reclinant.
