1455 2685
218 310 270 350 72
482 304 783 346 AENEIDOS
840 305 945 346 VII.
1124 324 1157 348 v.
1179 311 1265 350 159.

215 422 429 460 Castrorum
450 420 484 457 in
504 434 653 464 morem,
676 419 792 469 pinnis
811 428 922 469 atque
937 433 1072 472 aggere
1092 421 1221 472 cingit.

267 488 435 537 Jamque,
455 487 524 524 iter
543 486 690 529 emensi,
709 495 827 523 turres
842 500 883 523 ac
904 496 1003 524 tecta
1024 487 1246 524 Latinorum

213 553 560 590 Arduacernebant
574 555 735 604 juveneS,
764 567 940 604 muroque
961 554 1144 591 subibant.

212 620 320 657 Ante
340 621 465 656 urbem
485 620 599 669 pueri,
618 627 656 656 et
677 619 858 668 primaevo
880 620 967 657 flore
981 622 1166 671 juventus,

215 685 447 722 Exercentur
466 685 580 735 equis,
610 685 863 736 domitantque
881 686 917 723 in
937 687 1084 737 pulvere
1111 701 1236 724 currus
1252 702 1263 732 ;

213 752 300 789 Aut
321 753 410 788 neris
432 751 586 788 tendunt
605 765 723 795 arcus,
752 761 816 788 aut
843 752 941 789 lenta
959 752 1104 790 lacertis

215 818 363 868 Spicula
385 827 629 869 contorquent
648 833 658 863 ;
687 832 870 868 cursuque
885 818 1034 869 ictuque
1053 819 1233 858 lacessunt
1251 836 1262 866 ;

211 889 354 937 Quum,
374 895 586 936 praevectus
605 899 713 935 equo,
733 884 899 936 longaevi
918 887 1016 938 regis
1036 888 1081 924 ad
1101 888 1196 924 auris

210 954 373 992 Nuntius
392 953 549 1004 ingentis
567 952 695 1003 ignota
715 951 749 988 in
765 962 863 989 veste
883 963 1046 1003 reportat

210 1020 416 1057 Advenisse
435 1019 540 1055 viros.
575 1017 641 1055 Ille
661 1017 754 1054 intra
774 1027 874 1056 tecta
894 1021 1015 1056 vocari

212 1087 390 1136 Imperat,
411 1094 448 1122 et
469 1085 560 1121 solio
579 1085 718 1121 medius
740 1085 904 1122 consedit
925 1086 1035 1124 avito.

262 1152 425 1190 Tectum
444 1160 655 1202 augustum,
689 1151 829 1203 ingens,
849 1162 998 1189 centum
1018 1153 1170 1191 sublime
1199 1169 1262 1192 co-

210 1219 316 1257 Urbe
335 1217 404 1255 fuit
426 1232 577 1262 summa,
600 1218 798 1256 Laurentis
817 1220 918 1271 regia
939 1220 1033 1264 Pici,
1095 1221 1261 1271 [lumnis‚

209 1285 450 1323 Horrendum
470 1284 578 1329 silvis,
606 1295 644 1322 et
664 1285 839 1337 religione
859 1296 1061 1337 parentum.

207 1352 288 1390 Hic
309 1361 452 1402 sceptra
472 1353 650 1403 accipere,
678 1363 716 1390 et
736 1353 872 1404 primos
890 1353 1058 1391 attollere
1076 1353 1196 1397 fascis,

210 1417 377 1470 Regibus
396 1433 501 1456 omen
522 1428 597 1456 erat
615 1434 625 1457 ι
656 1420 728 1457 hoc
747 1419 814 1457 illis
835 1420 935 1457 curia
962 1420 1153 1471 templum,

208 1486 295 1524 Hae
317 1486 424 1523 sacris
445 1486 546 1524 sedes
565 1486 704 1537 epulis:
736 1487 811 1531 hic,
831 1487 941 1525 ariete
961 1501 1080 1534 caeso,

208 1552 399 1602 Perpetuis
419 1552 514 1589 soliti
535 1561 656 1602 patres
675 1553 862 1590 considere
882 1554 1023 1591 mensis.

207 1620 308 1669 Quin
327 1618 437 1655 etiam
456 1629 618 1656 veterum
638 1619 778 1671 effigies
798 1634 843 1657 ex
858 1621 984 1658 ordine
1004 1635 1151 1659 avorum

204 1687 379 1737 Antiqua
398 1701 417 1723 e
437 1687 560 1730 cedro,
583 1685 786 1736 Italusque,
801 1696 977 1737 paterque
998 1688 1152 1725 Sabinus

205 1753 398 1797 Vitisator,
427 1765 574 1789 curvam
594 1765 734 1790 servans
751 1754 817 1790 sub
838 1753 993 1805 imagine
1007 1753 1150 1799 falcem,

207 1820 457 1869 Saturnusque
477 1832 598 1864 seneX,
626 1819 781 1869 Janique
800 1818 970 1857 bifrontis
988 1820 1125 1872 imago,

203 1886 398 1925 Vestibulo
418 1885 609 1923 adstabant
628 1901 638 1930 ;
667 1884 798 1936 aliique
818 1887 863 1923 ab
883 1887 1024 1937 origine
1044 1901 1160 1939 regeS,

203 1954 415 2003 Martiaque
434 1953 482 1989 ob
505 1952 660 2002 patriam
680 1953 877 2003 pugnando
898 1953 1040 1991 volnera
1067 1956 1175 2005 passi.

204 2019 401 2070 Multaque
420 2029 605 2069 praeterea
625 2019 731 2056 sacris
750 2019 785 2056 in
806 2020 973 2070 postibus
993 2035 1105 2066 arma,

204 2086 351 2136 Captivi
370 2087 530 2136 pendent
551 2100 692 2130 currus,
722 2100 925 2137 curvaeque
941 2101 1097 2132 secures,

204 2153 256 2190 Et
279 2153 406 2190 cristae
425 2153 602 2203 capitum,
629 2162 667 2191 et
696 2163 883 2206 portarum
907 2154 1068 2205 ingentia
1087 2155 1255 2192 claustra.

205 2219 443 2270 Spiculaque,
472 2219 669 2273 clipeique,
697 2231 896 2272 ereptaque
917 2231 1034 2259 rostra
1058 2222 1200 2260 carinis.
