1455 2685
237 272 291 309 60
531 267 834 308 AENEIDOS
889 269 965 307 VI.
1144 285 1178 309 v.
1195 272 1288 311 743.

239 379 409 431 Quisque
429 393 525 425 sum,
545 380 717 430 patimur,
738 380 859 419 Manis
877 396 886 419 z
909 379 1039 418 exinde
1053 394 1117 431 per
1131 382 1293 433 amplum

239 447 431 486 Mittimur
450 447 633 497 Elysium,
653 456 691 484 et
712 447 818 496 pauci
834 447 928 485 laeta
947 462 1030 484 arva
1050 458 1238 488 tenemus:

239 513 376 555 Donec
396 514 506 565 longa
525 515 614 557 dies,
634 514 799 564 perfecto
820 515 993 565 temporis
1013 516 1116 560 orbe,

240 582 463 620 concretam
481 580 616 618 exemit
636 580 768 625 labem,
798 595 1004 632 purumque
1024 583 1171 633 reliquit

241 648 468 686 Aetherium
489 661 646 692 sensum,
675 658 787 698 atque
806 652 907 686 aura‘i'
921 649 1095 700 simplicis
1107 650 1241 700 ignem.

242 715 327 754 Has
345 715 475 759 omnis,
504 715 565 753 ubi
586 714 682 753 mille
703 725 821 752 rotam
840 716 984 754 volvere
1003 731 1068 768 per
1087 730 1212 761 annos,

240 784 449 822 Lethaeum
467 783 514 821 ad
535 783 683 820 fluvium
698 783 786 825 deus
801 793 929 825 evocat
947 784 1090 835 agmine
1111 798 1243 837 magno
1258 800 1271 832 ς

241 850 391 890 Scilicet
411 851 639 887 immemores
659 864 788 901 supera
807 860 849 888 ut
869 865 1031 889 convexa
1049 852 1204 890 revisant

244 918 401 962 Rursus,
419 927 458 956 et
476 918 653 967 incipiant
673 918 707 954 in
728 932 884 968 corpora
903 917 992 957 velle
1012 919 1158 958 reverti.

241 985 400 1023 Dixerat
414 985 620 1024 Anchises:
656 993 871 1035 natumque,
890 999 1032 1035 unaque
1051 985 1244 1036 Sibyllam,

241 1052 455 1090 Conventus
476 1051 588 1089 trahit
609 1051 643 1088 in
665 1051 815 1095 medios,
846 1052 1064 1102 turbamque
1085 1061 1297 1103 sonantem3

241 1118 297 1156 Et
316 1118 499 1156 tumulum
520 1117 635 1167 capit,
656 1118 751 1155 unde
772 1117 887 1156 omnis
906 1117 1018 1169 longo
1038 1118 1162 1156 ordine
1183 1118 1299 1170 possit

242 1185 435 1223 Adversos
455 1184 590 1235 legere,
611 1194 648 1221 et
671 1184 875 1221 venientum
889 1185 1025 1222 discere
1047 1184 1180 1223 voltus.

283 1252 394 1291 Nunc
406 1265 488 1302 age,
497 1250 721 1289 Dardaniam
735 1250 874 1301 prolem
888 1265 980 1302 quae
988 1251 1116 1290 deinde
1128 1263 1301 1303 sequatur

245 1318 388 1369 Gloria,
405 1318 467 1368 qui
483 1327 651 1355 maneant
670 1318 764 1356 Itala
779 1319 825 1356 de
838 1328 949 1370 gente
963 1330 1129 1369 nepotes,

245 1384 404 1423 Illustris
423 1383 572 1428 animas,
593 1394 831 1436 nostrumque
852 1385 887 1422 in
908 1400 1037 1423 nomen
1057 1385 1183 1432 ituras,

243 1452 452 1502 Expediam
473 1451 594 1496 dictis,
622 1461 659 1489 et
679 1461 715 1489 te
735 1461 799 1489 tua
820 1451 895 1489 fata
915 1454 1071 1492 docebo.

297 1518 380 1563 Ille,
401 1518 512 1561 vider»,
532 1532 623 1568 pura
636 1519 777 1569 juvenis
798 1520 861 1569 qui
881 1520 1012 1556 nititur
1032 1520 1149 1564 hasta,

243 1585 416 1625 Proxima
437 1594 534 1621 sorte
552 1594 652 1622 tenet
673 1585 763 1622 lucis
783 1585 863 1623 loca
882 1601 892 1630 ;
920 1586 1058 1636 primus
1079 1587 1124 1624 ad
1145 1601 1247 1625 auras

244 1651 446 1691 Aetherias
470 1651 565 1689 Italo
585 1652 807 1693 commixtus
827 1653 999 1704 sanguine
1028 1663 1169 1704 surget,

245 1718 392 1762 Silvius,
413 1718 606 1756 Albanum
626 1732 770 1763 nomen,
791 1729 854 1756 tua
869 1729 1039 1770 postuma
1059 1719 1178 1770 proles
1198 1736 1208 1758 ι

245 1789 368 1837 Quem
388 1785 455 1824 tibi
474 1784 654 1836 longaevo
674 1798 792 1822 serum
808 1785 963 1831 Lavinia
982 1789 1141 1838 conjunx

245 1853 398 1897 Educet
418 1851 527 1896 silvis,
549 1865 688 1903 regem,
709 1866 910 1903 regumque
924 1862 1113 1903 parentem
1130 1868 1141 1892 ε

244 1919 358 1958 Unde
378 1932 494 1971 genus
515 1917 652 1970 Longa
671 1928 835 1956 nostrum
856 1919 1103 1956 dominabitur
1126 1919 1243 1958 Alba.

245 1985 441 2025 Proximus
460 1984 519 2021 ille
540 1985 688 2029 Procas,
710 1985 892 2037 Trojanae
911 1986 1028 2038 gloria
1048 1986 1183 2037 gentis,

245 2053 301 2092 Et
321 2053 461 2103 Capys,
481 2060 517 2089 et
539 2051 728 2096 Numitor,
747 2062 798 2098 et,
819 2053 881 2103 qui
901 2063 939 2090 te
955 2053 1096 2090 nomine
1117 2053 1278 2104 reddet.

248 2118 380 2157 Silvius
399 2118 549 2157 Aeneas
567 2133 578 2163 3
607 2119 745 2169 pariter
764 2119 901 2170 pietate
921 2119 976 2157 vel
995 2119 1102 2156 armis

250 2185 452 2241 Egregius,
472 2185 502 2223 si
523 2199 696 2237 umquam
710 2187 932 2240 regnandam
950 2185 1135 2239 acceperit
1147 2186 1302 2234 Albam,
