1455 2685
198 314 275 349 182
490 309 794 348 AENEIDOS
852 309 904 348 X.
1102 324 1136 347 v.
1153 313 1244 349 800.

194 422 300 461 Dum
321 422 468 473 genitor
485 422 560 459 nati
580 435 707 472 parma
726 430 919 472 protectus
939 420 1055 458 abiret
1073 436 1084 467 ;

194 489 361 539 Telaque
379 489 593 541 conjiciunt,
622 488 922 539 proturbantque
946 487 1084 525 eminus
1102 487 1246 525 hostem

193 555 410 594 Missilibus.
471 555 576 593 Furit
597 556 758 600 Aeneas,
786 564 982 604 tectusque
1001 562 1102 594 tenet
1121 568 1171 592 se.

192 623 259 660 Ac
280 621 391 666 velut,
421 622 536 660 effusa
556 622 584 659 si
604 622 749 672 quando
771 621 946 673 grandine
967 621 1080 658 nimbi

193 689 459 739 Praecipitant,
491 689 608 726 omnis
628 688 766 739 campis
785 688 936 740 diffugit
954 697 1088 732 arator,

193 756 324 795 Omnis
344 765 382 795 et
401 755 588 808 agricola;
617 764 655 793 et
675 764 756 793 tuta
775 755 866 792 latet
886 769 968 792 arce
986 755 1118 800 viator,

191 823 280 861 Aut
300 823 412 860 amnis
431 823 533 873 ripis,
561 831 625 859 aut
645 821 709 859 alti
727 821 866 859 fornice
886 823 976 866 saxi,

190 890 298 929 Dum
319 889 413 939 pluit
434 889 470 926 in
489 889 620 934 terris3
650 896 691 925 ut
707 888 860 938 possint,
889 887 962 925 sole
979 888 1146 934 reducto,

191 956 377 994 Exercere
396 956 491 993 diem
509 971 518 994 ε
550 956 614 1000 sic,
642 955 798 992 obrutus
818 955 977 1006 undique
995 954 1091 1000 telis,

190 1024 340 1062 Aeneas
360 1023 493 1061 nubem
507 1022 607 1067 belli,
636 1023 724 1059 dum
744 1022 908 1068 detonet,
937 1036 1079 1060 omnem

192 1091 375 1136 Sustinet3
388 1099 426 1128 et
440 1091 606 1128 Lausum
622 1089 832 1140 increpitat,
849 1090 1050 1140 Lausoque
1063 1089 1238 1128 minatur:

191 1159 294 1207 Quo,
323 1157 512 1203 moriture,
540 1157 628 1201 ruis,
657 1158 864 1208 majoraque
883 1157 1017 1194 viribus
1036 1157 1175 1195 audes?

191 1224 301 1263 Fallit
320 1233 357 1262 te
377 1225 564 1261 incautum
584 1223 701 1274 pietas
721 1232 797 1262 tua.
855 1224 936 1262 Nec
956 1224 1073 1261 minus
1092 1223 1152 1261 ille

190 1292 365 1331 Exsultat
386 1292 532 1329 demens
550 1307 561 1337 3
591 1304 715 1328 saevae
730 1293 881 1342 jamque
900 1291 1007 1328 altius
1026 1292 1099 1329 irae

188 1359 381 1398 Dardanio
400 1367 556 1410 surgunt
577 1357 736 1402 ductori,
765 1368 1001 1408 extremaque
1020 1359 1147 1396 Lauso

191 1427 326 1464 Parcae
345 1426 404 1463 fila
424 1425 552 1477 legunt
571 1440 580 1464 :
611 1425 767 1462 validum
788 1438 944 1475 namque
964 1425 1082 1476 exigit
1101 1439 1222 1462 ensem

190 1493 261 1530 Per
280 1492 439 1530 medium
459 1493 607 1529 Aeneas
630 1493 812 1543 juvenem,
843 1500 1040 1542 totumque
1058 1492 1238 1530 recondit.

189 1558 353 1596 Transiit
372 1569 410 1597 et
429 1573 591 1609 parmam
612 1572 752 1602 mucro,
780 1557 870 1595 levia
891 1572 988 1595 arma
1007 1559 1167 1603 minacis,

189 1626 245 1663 Et
264 1626 438 1669 tunicam,
468 1626 568 1662 molli
588 1634 704 1662 mater
723 1639 832 1675 quam
852 1634 997 1662 neverat
1016 1639 1104 1662 auro
1123 1642 1133 1671 ;

190 1692 435 1743 Implevitque
455 1693 571 1729 sinum
592 1693 763 1744 sanguis:
796 1702 876 1729 tum
896 1692 970 1729 vita
989 1707 1054 1743 per
1073 1706 1175 1730 auras

187 1759 377 1798 concessit
398 1767 536 1796 moesta
555 1760 600 1795 ad
621 1759 757 1803 Manis,
786 1773 994 1809 corpusque
1013 1759 1174 1809 reliquit.

187 1825 248 1863 At
266 1839 365 1870 vero,
393 1835 434 1863 ut
455 1825 593 1862 voltum
613 1825 704 1862 vidit
726 1825 927 1870 morientis,
955 1834 992 1862 et
1010 1839 1086 1871 ora,

188 1893 266 1930 Ora
286 1893 416 1937 modis,
445 1892 704 1937 Anchisiades,
733 1892 903 1943 pallentia
922 1892 1020 1929 fniris
1038 1908 1048 1937 ;

190 1959 376 2010 ingemuit
396 1960 564 1997 miserans
584 1959 755 2011 graviter,
785 1960 1023 2009 dextramque
1051 1959 1207 1997 tetendit
1225 1976 1236 2005 ;

187 2026 242 2063 Et
263 2035 419 2063 mentem
439 2027 578 2076 patriae
599 2026 745 2064 strinxit
767 2027 914 2076 pietatis
934 2026 1074 2078 imago.

189 2093 289 2143 Quid
310 2093 378 2131 tibi
394 2108 504 2138 nunc,
524 2095 724 2132 miserande
745 2108 848 2144 puer,
870 2108 936 2144 pro
956 2093 1124 2131 laudibus
1144 2094 1235 2139 istis,

186 2160 290 2209 Quid
309 2160 390 2210 pius
410 2161 560 2199 Aeneas
575 2171 676 2199 tanta
697 2161 798 2198 dabit
818 2161 939 2198 indole
955 2161 1106 2213 dignum
1125 2161 1138 2199 ?

185 2227 318 2272 Arma,
338 2227 470 2278 quibus
488 2227 657 2275 laetatus,
685 2229 779 2267 habe
799 2237 862 2266 tua
879 2243 890 2275 3
911 2239 1022 2279 teque
1041 2236 1235 2279 parentum
