1455 2685
153 280 187 304 v.
207 268 292 304 103.
455 265 755 304 AENEIDOS
810 268 883 305 VI.
1144 270 1198 310 37

160 377 295 427 Incipit
314 377 459 415 Aeneas
478 378 583 414 heros
601 393 610 414 :
643 377 726 415 Non
749 377 820 415 ulla
838 377 1016 423 laborum,

159 444 195 481 O
219 444 342 495 virgo!
376 458 466 481 nova
487 448 534 482 mi
555 443 662 481 facies
682 444 868 493 inopinave
887 445 1016 496 surgit.

159 510 292 547 Omnia
312 509 491 560 praecepi,
511 520 620 560 atquc
636 510 753 546 animo
774 524 915 547 mecum
935 520 1016 548 ante
1037 512 1170 563 peregi.

159 578 286 615 Unum
306 591 370 613 oro
388 591 398 621 ;
429 570 574 626 quando
594 576 651 612 hic
672 575 798 613 inferni
813 578 922 627 janua
946 579 1041 628 regis

156 643 320 688 Dicitur,
348 651 384 680 ct
404 643 592 680 tenebrosa
613 642 715 692 palus
735 643 952 680 Acheronte
973 643 1118 688 i·efuso;

158 710 218 746 Ire
236 710 281 747 ad
301 720 537 759 conspectum
557 709 630 745 cari
649 709 836 760 genitoris,
865 718 901 746 et
922 723 996 753 ora,

155 776 359 826 Contingat
377 791 386 813 ε
419 776 549 812 doceas
569 775 650 818 iter,
670 784 706 812 et
726 789 825 812 sacra
845 775 937 812 ostia
957 776 1103 825 pandas.

159 842 268 879 Illum
286 856 357 894 ego
377 856 441 892 per
460 842 632 886 flammas,
660 850 696 877 et
717 840 812 877 mille
832 843 1015 891 sequentia
1032 842 1119 887 tela,

158 908 290 958 Eripui
310 908 365 945 his
384 907 557 951 humeris,
577 908 767 957 medioque
781 921 825 944 ex
846 907 950 944 hoste
970 909 1089 959 recepi
1107 924 1117 946 z

157 974 238 1018 me,
268 988 385 1011 meum
405 974 600 1011 comitatus
620 974 699 1018 iter,
729 974 837 1010 maria
856 975 973 1011 omnia
993 989 1147 1021 mecum,

154 1043 288 1091 Atque
307 1039 421 1076 omnis
441 1039 634 1090 pelagique
655 1038 778 1084 minas,
799 1039 976 1090 coelique,
995 1040 1137 1079 ferebat

156 1106 354 1150 Inval-idus,
376 1106 465 1142 vires
486 1105 579 1142 ultra
599 1115 804 1156 sortemque
824 1116 999 1145 senectae.

157 1173 271 1223 Quin,
291 1181 333 1209 ut
353 1181 389 1209 te
409 1171 562 1221 supplex
583 1180 756 1222 peterem,
775 1184 813 1209 et
832 1183 895 1209 tua
913 1173 1032 1210 limina
1052 1174 1199 1221 adirem,

157 1239 263 1277 Idem
282 1252 387 1275 orans
406 1239 574 1275 mandata
593 1239 715 1276 dabat.
747 1239 933 1289 Gnatique
952 1241 1150 1291 patrisque,

153 1306 282 1350 Alma,
295 1319 437 1356 precor,
453 1306 634 1342 miserere:
653 1314 757 1355 potes
773 1319 925 1355 namque
939 1307 1072 1352 oninia3
1086 1322 1150 1346 nec
1163 1317 1200 1346 te

154 1372 413 1423 Nequidquam
433 1371 524 1409 lucis
546 1371 691 1409 Hecate
713 1371 887 1422 praefecit
907 1373 1078 1413 Avernis.

155 1440 194 1477 Si
215 1439 337 1490 potuit
358 1438 478 1476 Manis
497 1452 673 1477 arcessere
692 1439 858 1489 conjugis
880 1439 1066 1489 Orpheus,

151 1506 327 1544 Tlire'i'cia
347 1505 461 1542 fretus
481 1505 631 1548 cithara,
662 1505 867 1555 fidibusque
886 1505 1050 1551 canoris;

151 1572 190 1611 Si
210 1571 356 1609 fratrem
378 1571 508 1609 Pollux
529 1571 667 1609 alterna
687 1580 801 1608 morte
822 1571 985 1616 redemit,

153 1640 264 1689 Itque
284 1638 452 1688 reditque
467 1638 557 1675 viam
571 1639 698 1676 toties:
731 1638 834 1688 Quid
849 1638 1007 1682 Thesea,
1028 1652 1198 1690 magnum

153 1705 256 1756 Quid
271 1718 464 1743 memorem
479 1705 663 1743 Alciden?
680 1706 731 1743 Et
746 1708 795 1756 mi
813 1719 928 1757 genus
941 1707 984 1742 ab
998 1706 1087 1743 Jove
1105 1720 1200 1743 sum-

205 1772 360 1813 Talibus
379 1773 506 1809 orabat
526 1772 648 1817 dictis,
675 1786 823 1823 arasque
843 1773 988 1809 tenebat
1005 1787 1015 1816 ς
1103 1776 1197 1822 [mo.

153 1841 279 1889 Quum
300 1839 350 1876 sic
369 1852 449 1875 orsa
469 1838 571 1889 loqui
590 1849 710 1877 vates:
744 1840 829 1876 Sate
848 1839 1020 1890 sanguiue
1040 1840 1174 1885 divom,

150 1905 250 1943 Tros
270 1904 510 1949 Anchisiada,
540 1905 652 1943 facilis
672 1907 862 1943 descensus
884 1908 1059 1950 Avern03

151 1972 292 2011 Noctes
311 1981 421 2022 atque
441 1972 515 2009 dics
537 1980 638 2022 patet
659 1973 726 2010 atri
741 1975 850 2023 janua
872 1972 973 2009 Ditis
990 1987 999 2010 :

152 2039 226 2077 Sed
246 2051 411 2076 revocare
431 2038 598 2089 gradum,
618 2052 835 2089 superasque
854 2039 1005 2076 evadere
1020 2039 1065 2075 ad
1085 2053 1199 2084 auras,

152 2105 242 2142 Hoc
261 2118 365 2156 opus,
387 2104 446 2142 hic
465 2104 567 2141 labor
585 2114 651 2143 est.
683 2106 793 2142 Pauci
811 2119 902 2155 quos
923 2119 1056 2154 aequus
1069 2106 1198 2142 amavit

151 2170 308 2221 Jupiter,
337 2178 398 2208 aut
417 2170 544 2208 ardens
564 2170 682 2208 evexit
702 2171 747 2208 ad
767 2171 911 2208 aethei-a
932 2171 1056 2216 vii-tus,
