1455 2685
343 423 388 463 Ρ.
416 420 676 465 VIRG1L11
699 386 977 466 -MA-Roms

182 617 1152 709 AENEJD-os

383 752 399 763 ο

513 828 694 870 L1BER
749 828 800 867 V.

539 1032 793 1038 Ι

135 1170 327 1214 Ile-ruam
347 1172 506 1212 medium
528 1173 675 1211 Aeneas
689 1175 764 1225 jam
783 1172 896 1212 classe
914 1173 1064 1212 tenebat

133 1244 267 1282 Certus
286 1242 368 1284 iter,
389 1240 609 1290 fluctusque,
628 1249 727 1277 atros
746 1239 928 1290 aquilone,
958 1241 1120 1287 secabat,

135 1307 285 1346 Moenia
303 1307 512 1357 respiciens,
531 1319 713 1367 quavam
733 1305 883 1343 infelicis
904 1306 1045 1345 Elissae

133 1376 331 1416 collucent
351 1373 537 1421 flammi-30
547 1372 652 1436 Quale
665 1380 809 1412 tantum
824 1374 1059 1411 accenderit
1049 1388 1187 1426 ignem,

133 1443 273 1481 Caussa
290 1441 405 1478 latet:
437 1439 518 1477 duri
538 1453 671 1491 magno
691 1440 754 1476 sed
774 1453 894 1476 amore
914 1431 1058 1479 dolores

135 1509 299 1554 Polluto,
320 1516 536 1565 notumque,
554 1504 676 1543 furens
691 1505 779 1555 quid
799 1505 931 1543 femina
950 1508 1080 1556 possit,

134 1575 262 1614 Triste
282 1588 347 1626 per
371 1574 564 1625 augurium
583 1567 815 1610 Teucrorum
836 1582 986 1623 pectora
1005 1574 1159 1614 ducunt.

189 1643 248 1681 Ut
270 1640 421 1692 pelagus
441 1649 587 1678 tenuere
606 1649 715 1691 rateS,
736 1653 801 1677 nec
817 1642 890 1691 jam
911 1639 1064 1690 amplius
1085 1640 1157 1677 ulla

137 1707 314 1748 Occurrit
326 1707 434 1745 tellus
449 1722 459 1752 3
480 1707 590 1744 maria
607 1707 777 1757 undique,
798 1715 836 1744 et
849 1707 1007 1756 undique
1023 1706 1184 1746 coelum:

137 1770 217 1814 Olli
236 1773 421 1813 caeruleus
441 1787 548 1824 supra
567 1783 679 1824 caput
699 1773 842 1810 adstitit
862 1773 989 1817 imber,

136 1838 299 1881 Noctem
314 1840 540 1891 hiememque
559 1840 695 1886 fereus;
722 1849 759 1878 et
778 1840 957 1876 inhorruit
977 1840 1073 1877 unda
1093 1849 1191 1877 tene-

138 1909 224 1959 Ipse
243 1909 467 1961 gubernator
488 1908 603 1958 puppi
626 1907 816 1945 Palinurus
837 1908 882 1944 ab
903 1907 1001 1945 alta:
1077 1907 1186 1957 [bris.

138 1976 230 2014 Heu
250 1977 258 2013 !
291 1975 459 2026 quianam
479 1974 571 2012 tanti
591 1976 780 2012 cinxerunt
800 1975 945 2011 aethera
964 1975 1074 2012 nimbi
1092 1976 1106 2013 ἓ

139 2042 299 2093 Quidve,
320 2051 424 2092 pater
444 2040 630 2092 Neptune,
655 2042 785 2091 paras?
816 2042 876 2079 Sic
897 2041 1025 2078 deinde
1044 2040 1190 2079 locutus

138 2110 328 2161 Colligere
347 2122 445 2146 arma
459 2110 580 2160 jubet,
610 2107 806 2158 validisque
828 2107 1035 2145 incumbere
1055 2109 1159 2145 remis
1177 2122 1190 2153 3

141 2176 395 2226 obliquatque
416 2176 513 2214 sinus
532 2176 568 2212 in
589 2185 749 2215 ventum,
771 2188 812 2212 ac
834 2174 919 2212 talia
941 2173 1062 2212 fatur:

141 2241 379 2293 Magnanimo
400 2243 546 2289 Aenea,
567 2257 652 2288 non,
673 2242 699 2279 si
721 2242 808 2280 mihi
828 2241 976 2292 Jupiter
994 2247 1126 2278 auctor

203 2308 323 2348 Tom.
355 2309 412 2348 11.
688 2310 731 2347 A
