1455 2685
194 291 267 327 120
474 290 773 329 AENEIDOS
830 291 952 330 VIII.
1092 305 1125 328 vs
1141 295 1239 331 663ae

246 400 324 439 Hic
340 400 553 439 exsultantis
576 402 704 446 Salios,
734 403 920 452 nudosque
941 401 1148 451 Lupercos,

189 467 466 519 Lanigerosque
483 469 616 518 apices,
635 478 670 505 et
691 468 791 519 lapsa
811 469 937 505 ancilia
956 467 1075 513 coelo,

188 535 397 572 Extuderat
415 551 423 573 :
455 544 573 572 castae
593 536 773 573 ducebant
795 549 894 572 sacra
923 550 987 585 per
1002 536 1127 572 urbem

187 603 337 640 Pilentis
358 613 488 640 matres
508 602 542 638 in
564 602 745 639 mollibus.
804 603 906 640 Hinc
927 602 1057 652 procul
1076 603 1179 640 addit

187 667 378 707 Tartareas
397 669 504 706 etiam
518 670 630 714 sedes,
659 669 731 706 alta
749 670 843 706 ostia
865 669 966 707 Ditis
984 686 994 715 ς

187 736 241 773 Et
262 735 434 773 scelerum
456 749 601 785 poenas,
631 745 667 772 et
688 745 738 778 te,
767 735 939 779 Catilina,
968 735 1098 772 minaci

187 802 409 839 Pendentem
429 802 596 852 scopulo,
626 802 890 851 Furiarumque
910 816 973 838 ora
991 811 1230 839 trementem:

188 869 429 918 secretosque
450 869 529 918 pios
548 884 557 913 ;
586 869 641 906 his
661 869 805 906 dantem
820 871 903 918 jura
923 869 1113 907 Catonem.

240 936 346 973 Haec
366 936 460 972 inter
478 935 608 972 tumidi
627 935 698 972 late
719 935 822 972 maris
843 936 919 972 ibat
939 936 1061 986 imago

184 1003 314 1040 Aurea
334 1018 343 1047 ;
374 1002 436 1039 sed
456 1002 572 1039 fluctu
592 1003 809 1052 spumabant
829 1002 970 1039 caerula
989 1015 1080 1038 cano
1099 1017 1111 1047 ς

186 1069 240 1106 Et
260 1070 410 1113 circum,
431 1079 583 1120 argento
604 1069 704 1112 clari,
725 1069 910 1119 delphines
931 1069 966 1105 in
985 1070 1112 1106 orbem

184 1136 366 1185 Aequora
384 1137 573 1173 verrebant
592 1137 728 1181 caudis,
744 1145 956 1186 aestumque
976 1136 1159 1173 secabant.

185 1203 230 1239 In
251 1203 369 1239 medio
388 1202 509 1239 classis
529 1212 678 1247 aeratas,
707 1203 824 1240 Actia
843 1203 952 1247 bella,

183 1271 338 1308 Cernere
356 1278 431 1305 erat
447 1284 458 1314 ;
487 1278 680 1321 totumque
700 1269 880 1307 instructo
898 1269 1020 1307 Marte
1040 1269 1177 1306 videres

184 1337 336 1373 Fervere
356 1336 559 1380 Leucaten,
579 1350 739 1386 auroque
754 1336 928 1388 effulgere
948 1337 1095 1374 fluctus.

183 1403 287 1440 Hinc
308 1403 508 1454 Augustus
528 1417 638 1454 agens
661 1403 774 1441 Italos
794 1403 829 1440 in
850 1403 986 1453 proelia
1006 1404 1139 1441 Caesar

182 1470 278 1507 Cum
293 1470 474 1514 Patribus,
490 1470 720 1520 Populoque‚
739 1470 936 1507 Penatibus
950 1479 986 1507 et
1001 1471 1139 1522 magnis
1159 1470 1232 1515 dis,-

183 1537 291 1572 Stans
311 1537 403 1574 celsa
422 1537 456 1573 in
478 1536 618 1587 puppi:
640 1537 799 1587 geminas
819 1537 877 1574 cui
892 1546 1057 1587 tempora
1070 1538 1229 1575 flammas

182 1603 303 1640 Laeta
321 1612 486 1648 vomunt,
506 1603 737 1654 patriumque
757 1604 918 1654 aperitur
936 1605 1070 1642 vertice
1090 1605 1200 1643 sidus.

181 1671 291 1708 Parte
309 1669 376 1706 alia
398 1670 511 1706 ventis
530 1679 568 1707 et
588 1671 643 1707 dis
663 1670 839 1720 Agrippa
859 1672 1037 1715 secundis,

185 1736 348 1780 Arduus,
368 1749 496 1787 agmen
517 1750 651 1787 agens:
673 1737 746 1780 cui,
765 1736 846 1773 belli
862 1737 1000 1788 insigne
1017 1739 1229 1787 superbum,

182 1803 370 1852 Tempora
391 1801 504 1838 navaIi
524 1802 669 1853 fulgent
686 1812 838 1840 rostrata
856 1817 1002 1842 corona.

181 1869 283 1906 Hinc
304 1884 373 1919 ope
393 1869 578 1906 barbarica
593 1869 769 1919 variisque
790 1871 982 1908 Antonius
1002 1872 1121 1916 armis,

178 1936 312 1972 'victor
327 1937 371 1972 ab
393 1936 563 1973 Aurorae
579 1936 739 1986 populis,
760 1947 796 1974 et
816 1937 938 1974 littore
959 1939 1081 1982 rubro,

179 2003 418 2052 Aegyptum,
440 2002 601 2055 viresque
622 2003 797 2047 Orientis,
813 2014 848 2041 et
866 2005 991 2042 ultima
1011 2019 1132 2043 secum

179 2067 450 2114 Banu-samin
466 2069 835 2119 sequiturque‚nefas!
850 2072 1041 2123 Aegyptia
1054 2076 1222 2125 conjunx.

178 2131 266 2172 Una
283 2149 406 2174 omnes
427 2150 543 2182 ruere,
562 2150 605 2175 ac
625 2146 747 2174 totum
761 2151 938 2188 spumare,
959 2140 1118 2176 reductis

178 2201 399 2239 (fonvolsum
418 2204 537 2251 remis,
559 2205 758 2256 rostrisque
778 2206 1009 2252 tridentibus,
1030 2220 1176 2258 aequor.
