1455 2685
151 370 185 404 v.
204 365 294 405 604.
438 362 742 402 AENEmos
798 354 899 403 ΧΠ.
1135 354 1208 403 ‘241'

152 479 275 528 Quam
295 478 433 515 cladem
452 477 601 514 miserae
621 486 819 526 postquam
837 490 1009 527 accepere
1026 477 1181 516 Latinae
1197 494 1210 526 ς

148 545 241 582 Filia
262 545 391 595 prima,
420 557 528 580 manu
549 544 673 587 flavos,
704 543 873 587 Lavinia,
903 544 1014 581 crinis

157 611 213 649 Et
234 625 351 649 roseas
371 610 502 648 lam'ata
522 624 647 662 genas,⁴
675 619 755 647 tum
775 619 895 647 cetera
915 611 1054 648 circum

156 677 305 722 Turba,
334 678 447 716 furit:
478 686 646 715 resonant
660 676 733 713 late
753 676 989 728 plangoribus
1008 679 1128 716 aedes.r

146 744 254 782 Hinc
273 753 389 781 totam
410 743 535 781 infelix
557 743 728 796 volgatur
746 743 841 780 fama
860 759 925 794 per
945 745 1085 783 urbem.

150 811 371 849 Demittunt
390 811 544 849 mentis:
576 812 604 848 it
626 812 734 848 scissa
755 820 852 848 veste
873 812 1044 857 Latinus,

148 878 326 929 Conjugis
347 878 528 916 attonitus
549 877 633 915 fatis
662 879 836 928 urbisque
855 878 971 923 ruina,

151 944 336 981 Canitiem
355 945 542 981 immundo
562 945 745 995 perfusam
765 945 914 995 pulvere
932 954 1084 995 turpans
1102 961 1112 991 3

150 1010 353 1062 Multaque
374 1026 408 1049 se
428 1013 581 1057 incusat,
612 1014 674 1062 qui
695 1027 765 1049 non
786 1012 967 1062 acceperit
983 1022 1066 1049 ante

149 1079 382 1117 Dardanium
402 1081 572 1124 Aenean,
600 1094 848 1131 generumque
876 1080 1067 1117 adsciverit
1087 1080 1202 1118 ultro.·

198 1147 357 1190 Interea,
386 1156 550 1184 extremo
571 1146 728 1184 bellator
747 1148 782 1184 in
803 1161 974 1198 aequore,
1004 1148 1156 1185 Turnus

150 1213 313 1251 Palantis
334 1214 500 1264 sequitur
518 1228 669 1264 paucos,
691 1217 767 1266 jam
796 1216 954 1267 segnior,
983 1225 1095 1266 atque

138 1281 220 1318 Jam
236 1280 352 1317 minus
368 1290 479 1332 atque
495 1281 612 1317 minus
629 1294 796 1318 successu
817 1281 932 1319 laetus
950 1285 1142 1333 equorum.

146 1347 298 1385 Attulit
319 1348 416 1384 hunc
437 1348 488 1384 illi
508 1348 625 1385 caecis
645 1349 844 1385 terroribus
863 1362 949 1385 aura

139 1415 392 1453 Commixtum
412 1414 620 1459 clamorem,
649 1425 882 1465 arrectasque
900 1415 1046 1466 impulit
1067 1417 1159 1454 auris

135 1481 322 1519 Confusae
343 1495 451 1519 sonus
472 1482 584 1526 urbis,
613 1490 649 1519 et
671 1481 865 1519 illaetabile
894 1497 1067 1521 murmur.

137 1548 216 1586 Hei
236 1548 323 1586 mihi
343 1552 355 1586 l
385 1549 475 1599 quid
494 1557 600 1586 tanto
620 1550 817 1587 turbantur
836 1551 975 1587 moenia
994 1550 1126 1590 luctu?

136 1615 276 1665 Quisve
298 1615 371 1652 ruit
390 1624 515 1652 tantus
535 1616 674 1653 diversa
694 1616 831 1654 clamor
849 1618 895 1654 ab
917 1618 1035 1656 urbe?

137 1682 200 1719 Sic
221 1682 285 1726 ait,
313 1683 555 1732 adductisque
574 1697 695 1721 amens
717 1684 881 1721 subsistit
909 1684 1082 1724 habenis:

134 1748 270 1798 Atque
290 1749 390 1793 huic,
420 1749 601 1787 infaciem
622 1764 724 1788 soror
743 1759 784 1787 ut
804 1765 975 1788 conversa
995 1751 1146 1789 Metisci

137 1814 309 1866 Aurigae
329 1829 565 1866 currumque,
594 1827 631 1854 et
652 1832 780 1868 equos,
808 1827 846 1855 et
865 1817 955 1862 lora,
983 1818 1150 1868 regebat,

134 1881 292 1919 Talibus
313 1883 476 1921 occurrit
496 1883 604 1921 dictis
623 1899 631 1922 z
665 1885 767 1930 Hac,
798 1884 941 1928 Turne,
970 1898 1162 1934 sequamur

131 1948 378 2000 Trojugenas,
407 1964 480 2000 qua
499 1951 613 2001 prima
632 1951 727 1988 viam
748 1952 898 1990 victoria
926 1951 1078 2002 pandit;

136 2015 233 2053 Sunt
253 2015 324 2061 alii,
354 2017 417 2067 qui
437 2027 537 2055 tecta
558 2032 664 2056 manu
685 2018 877 2056 defendere
896 2018 1050 2068 possint.

134 2083 285 2134 Ingruit
306 2084 454 2121 Aeneas
478 2085 597 2130 Italis,
626 2095 664 2123 et
684 2086 823 2136 proelia
842 2086 968 2123 miscet
986 2101 997 2131 ς

133 2150 189 2188 Et
209 2165 274 2188 nos
295 2165 397 2188 saeva
417 2166 524 2190 manu
544 2154 731 2191 mittamus
750 2154 877 2191 funera
897 2154 1054 2192 Teucris
1072 2170 1081 2192 :

131 2216 213 2254 Nec
235 2231 383 2255 numero
403 2218 564 2266 inferior,
593 2235 739 2272 pugnae
759 2235 824 2259 nec
845 2222 995 2266 honore,
1023 2221 1189 2261 recedes,⁸

132 2283 285 2322 Turnus
305 2285 351 2321 ad
372 2285 485 2326 haec:

185 2350 304 2390 ΤοΜ.
329 2352 386 2390 ΙΙ.
705 2354 749 2392 H
778 2354 803 2391 h
