1455 2685
184 287 235 323 36
449 282 753 322 AENEIDOS
809 283 907 323 V11.
1089 300 1123 325 v-
1141 289 1231 327 549.

183 396 372 435 Finitimas
389 396 425 433 in
444 395 539 433 bella
557 395 671 433 feram
689 396 894 434 rumoribus
913 396 1026 441 urbis,

180 465 473 514 Accendamque
491 462 629 500 animos
648 462 760 500 insani
781 462 914 500 Martis
937 477 1071 510 amore,

180 531 356 581 Undique
369 539 410 568 ut
422 529 556 567 auxilio
569 529 731 575 veniant3
745 543 914 581 spargam
926 544 1022 567 arma
1034 544 1100 581 per
1110 544 1231 582 agros.

180 599 281 637 Tum
301 607 429 635 contra
442 598 557 635 Juno:
580 596 782 634 Tei-rorum
799 606 837 634 et
852 597 988 635 fraudis
1003 597 1145 634 abunde
1159 607 1228 636 est.

181 666 290 703 Stant
310 663 397 701 belli
416 676 562 700 caussae
579 678 589 701 ε
620 673 808 714 pugnatur
822 665 1024 701 comminus
1041 664 1146 701 armis
1164 679 1174 702 ε

179 733 286 783 Quae
305 731 379 768 fors
397 731 513 781 prima
531 730 648 775 dedit,
676 731 821 782 sanguis
841 745 955 768 novus
968 731 1102 769 imbuit
1119 745 1228 769 arma.

178 800 288 839 Talia
304 799 502 843 connubia,
518 807 556 836 et
575 798 657 836 talis
676 797 860 836 celebrent
877 798 1096 848 hymenaeos

178 867 386 920 Egregium
405 865 558 903 Veneris
577 879 693 917 genus
710 876 748 903 et
768 880 831 903 rex
850 865 927 916 ipse
948 867 1119 904 Latinus.

176 936 238 974 Te
257 948 365 985 super
382 933 556 971 aetherias
575 945 693 970 errare
713 933 880 971 licentius
901 947 1002 971 auras

178 1003 295 1041 Haud
317 1002 427 1039 Pater
444 1000 504 1038 ille
524 1001 624 1046 velit,
644 1001 772 1038 summi
792 1010 968 1052 regnator
987 1000 1154 1052 Olympi.

176 1070 277 1109 Cede
297 1069 398 1107 locis.
431 1069 533 1119 Ego,
554 1067 582 1105 si
602 1081 674 1118 qua
693 1082 801 1118 super·
819 1068 967 1105 fortuna
977 1068 1145 1106 laborum
1159 1078 1228 1115 est,

174 1137 264 1188 Ipsa
283 1149 418 1188 regam.
448 1134 553 1173 Talis
572 1135 719 1172 dederat
741 1135 911 1173 Saturnia
930 1149 1050 1174 voces.

176 1203 246 1241 Illa
265 1211 387 1240 autem
408 1201 546 1238 attollit
566 1201 752 1238 stridentis
772 1201 952 1253 anguibus
971 1202 1057 1247 alas,

173 1271 383 1321 Cocytique
403 1269 498 1319 petit
517 1269 652 1312 sedem,
680 1282 810 1318 supera
827 1270 937 1307 ardua
955 1270 1133 1320 linquens.

229 1338 300 1375 Est
320 1336 423 1374 locus
445 1335 574 1373 Italiae
593 1336 713 1373 medio
734 1336 800 1373 sub
821 1337 1006 1374 montibus
1025 1337 1120 1382 altis,

175 1403 335 1448 Nobilis,
353 1412 391 1440 et
410 1402 506 1439 fama
525 1402 650 1440 multis
670 1412 890 1440 memoratus
908 1403 944 1440 in
964 1404 1050 1448 oris,

174 1470 369 1509 Amsancti
391 1469 498 1506 valles
517 1484 526 1506 z
558 1469 676 1506 densis
697 1469 794 1506 hunc
814 1469 1004 1508 frondibus
1023 1481 1143 1508 atrum

175 1538 326 1588 Urguet
344 1537 525 1586 utrimque
538 1536 633 1574 latus
647 1536 814 1581 nemoris,
835 1537 1028 1588 medioque
1040 1537 1210 1590 fragosus

173 1603 255 1642 Dat
275 1603 432 1640 sonitum
452 1602 560 1647 saxis,
580 1612 617 1640 et
638 1612 739 1640 torto
758 1604 906 1647 vertice,
927 1614 1082 1642 torrens.

174 1670 254 1707 Hic
274 1683 401 1720 specus
419 1670 653 1714 horrendum,
683 1670 776 1707 saevi
796 1671 974 1720 spiracula
993 1672 1110 1716 Dim,

174 1737 419 1781 Monstratur,
438 1745 622 1787 ruptoque
642 1737 770 1788 ingens
793 1738 1008 1775 Acheronte
1028 1753 1165 1790 vorago

174 1805 371 1844 Pestiferas
390 1804 506 1854 aperit
526 1804 640 1841 faucis
658 1819 667 1849 ς
699 1808 781 1854 quis
801 1806 950 1842 condita
971 1806 1146 1857 Erinnys,

175 1873 336 1911 Invisum
357 1887 502 1917 numen,
529 1881 641 1910 terras
661 1871 876 1922 coelumque
897 1873 1052 1910 levabat.

227 1940 308 1977 Nec
329 1939 444 1976 minus
463 1940 600 1976 interea
619 1949 817 1976 extremam
840 1940 1008 1978 Saturnia
1028 1940 1126 1978 bello

175 2006 339 2056 Imponit
361 2007 485 2057 regina
504 2020 661 2043 manum.
723 2007 815 2045 Ruit
835 2008 951 2044 omnis
971 2006 1006 2043 in
1027 2008 1155 2045 urbem

176 2074 370 2111 Pastorum
391 2087 435 2110 ex
457 2074 531 2111 acie
551 2087 734 2117 numerus,
764 2087 959 2124 caesosque
978 2084 1168 2124 reportant

175 2139 377 2178 Almonem
398 2154 551 2190 puerum
572 2140 786 2191 foedatique
806 2154 869 2177 ora
889 2140 1038 2179 Galaesi
1056 2156 1068 2186 ;

177 2206 456 2258 Implorantque
476 2207 576 2253 deos,
608 2208 916 2258 obtestanturque
937 2208 1129 2246 Latinum.
