1455 2685
180 301 788 345 v.131.AENE1DOS
844 303 944 342 vn.
1017 352 1026 357 ,
1184 307 1232 346 τι

183 400 289 469 Quae
299 416 393 460 loca,
401 429 508 466 quive
520 416 678 453 habeant
691 413 940 460 homines,ubi
954 415 1089 452 moenia
1103 418 1236 468 gentis,

180 485 430 536 Vestigemus,
457 493 495 521 et
514 497 534 520 a
552 492 665 533 portu
685 481 823 519 diversa
839 490 1018 531 petamus.

181 552 293 590 Nunc
312 560 454 601 pateras
473 550 584 588 libate
603 549 700 594 Jovi,
720 548 964 599 precibusque
984 559 1113 587 vocate

181 618 374 657 Anchisen
395 617 598 670 genitorem
615 632 626 663 ς
655 625 694 654 et
714 616 793 653 vina
812 616 977 666 reponite
998 617 1141 654 mensis.

236 685 298 724 Sic
318 685 447 722 deinde
466 683 612 728 effatus,
642 683 826 721 frondenti
845 692 1011 733 tempora
1030 698 1129 721 ramo

184 751 371 802 Implicat,
389 760 427 790 et
448 751 685 801 Geniumque
704 750 789 795 loci,
814 751 1039 801 primamque
1059 752 1210 789 deorum

183 819 386 864 Tellurem,
405 819 686 869 Nymphasque,
706 828 744 856 et
759 818 878 855 adhuc
895 818 1021 869 ignota
1041 828 1211 869 pretatur

184 886 350 925 Flumina
368 901 377 924 :
399 895 479 923 tum
500 886 676 930 Noctem,
697 885 904 935 Noctisque
924 885 1075 923 orientia
1094 886 1210 938 signa,

184 954 409 1003 Idaeumque
421 953 563 998 Jovem‚
577 953 852 1004 Phrygiamque
864 967 908 990 ex
922 954 1047 991 ordine
1062 953 1237 998 Matrem,

184 1023 352 1066 Invocat,
370 1030 408 1059 et
427 1021 597 1072 duplicis,
614 1020 804 1071 coeloque
823 1021 1036 1071 Ereboque,
1054 1031 1234 1072 parentes.

184 1088 264 1126 Hic
283 1098 389 1139 pater
406 1088 636 1138 omnipotens
657 1097 713 1126 ter
732 1087 835 1125 coelo
854 1087 971 1125 clarus
990 1089 1034 1126 ab
1055 1088 1130 1126 alto

186 1156 355 1194 Intonuit
372 1171 383 1201 ς
412 1155 592 1206 radiisque
612 1156 798 1192 ardentem
818 1154 923 1199 lucis,
943 1164 980 1192 et
1001 1169 1105 1201 auro,

186 1224 286 1273 Ipse,
307 1236 414 1260 manu
433 1222 615 1272 quatiens,
635 1223 797 1259 ostendit
812 1223 857 1258 ab
874 1222 1017 1259 aethere
1037 1224 1182 1259 nubem.

183 1289 342 1329 Diditur
361 1290 421 1326 hic
441 1289 563 1326 subito
584 1289 746 1340 Trojana
765 1303 828 1340 per
847 1289 990 1340 agmina
1011 1304 1147 1334 rumor,

183 1356 390 1395 Advenisse
410 1357 504 1393 diem
525 1370 598 1406 quo
619 1356 744 1393 debita
763 1357 903 1393 moenia
924 1357 1097 1394 condant.

184 1423 583 1467 Certatiminstaurant
611 1423 750 1474 epulas,
780 1434 891 1473 atque
913 1423 1030 1461 omine
1051 1437 1185 1474 magno

185 1492 354 1530 Crateras
371 1490 457 1528 laeti
477 1499 658 1534 statuunt,
679 1499 715 1528 et
735 1490 815 1526 vina
834 1500 1022 1528 coronant.

240 1558 390 1596 Postera
411 1571 523 1608 quum
544 1557 659 1608 prima
677 1557 855 1595 lustrabat
875 1557 1042 1609 lampade
1061 1568 1173 1596 terras

187 1625 284 1663 Orta
304 1625 379 1662 dics
395 1639 405 1669 ;
435 1625 574 1670 urbem,
593 1633 632 1661 et
651 1624 744 1669 finis,
763 1633 801 1661 et
815 1623 941 1661 littora
958 1626 1093 1676 gentis,

187 1691 335 1730 Diversi
353 1690 546 1741 explorant
565 1705 575 1736 3
605 1690 694 1728 haec
714 1689 826 1727 fontis
846 1699 976 1741 stagna
997 1691 1160 1736 Numici,

188 1758 304 1796 Hunc
321 1757 508 1808 Thybrim
524 1757 754 1802 fluviuni‚liic
770 1757 875 1794 fortis
892 1758 1054 1795 habitare
1069 1759 1238 1796 Latinos.

185 1825 289 1863 Tum
308 1835 408 1863 satus
426 1824 610 1869 Anchisa,
629 1825 791 1862 delectos
810 1825 936 1862 ordine
957 1826 1002 1862 ab
1022 1827 1134 1872 omni,

186 1891 348 1931 Centum
365 1900 527 1930 oratores
547 1902 704 1943 augusta
722 1892 767 1929 ad
787 1893 928 1929 moenia
949 1893 1044 1944 regis

190 1961 248 1998 Ire
263 1960 382 2012 jubet,
402 1960 509 1996 ramis
531 1960 666 1998 velatos
689 1960 844 1998 Palladis
864 1974 1013 2005 omnes;

190 2026 377 2077 Donaque
399 2025 490 2064 ferre
509 2028 600 2071 viro,
630 2040 830 2078 pacemque
855 2041 1052 2076 exposcere
1072 2027 1241 2065 Teucris.

192 2093 309 2132 Haud
329 2108 429 2132 mora
452 2110 462 2140 3
492 2094 664 2132 festinant
677 2095 782 2147 jussi,
802 2095 1007 2145 rapidisque
1026 2095 1191 2132 feruntur

191 2161 374 2200 passibus.
407 2162 491 2212 Ipse
511 2162 639 2199 humili
653 2162 820 2214 designat
841 2164 980 2199 m‹»2.2ia
1000 2162 1109 2204 fossa,

193 2227 425 2278 Moliturque
444 2229 592 2273 locum;
623 2231 831 2280 primasque
850 2230 885 2266 iu
906 2230 1030 2267 littore
1051 2229 1162 2273 sedes,
