1455 2685
180 309 216 333 v.
233 295 326 332 411.
468 287 774 329 AENEIDOS
829 288 955 327 v111.
1161 292 1232 329 111

182 405 345 445 Noctem
364 402 501 441 addens
519 401 623 452 operi
639 417 650 447 ;
669 400 898 451 famulasque
917 401 964 438 ad
976 400 1112 439 lumina
1123 401 1236 455 longo

181 473 344 512 Exercet
364 484 476 522 penso
495 485 506 515 ;
536 478 679 506 castum
700 477 741 505 ut
761 481 900 505 servare
918 467 1040 506 cubile

181 539 360 590 Conjugis
387 547 426 576 et
445 536 560 588 possit
576 549 705 587 parvos
723 536 878 573 educere
899 543 1004 572 natos
1023 550 1033 573 :

182 606 301 644 Haud
320 618 424 643 secus
443 604 667 657 ignipotens,
682 616 749 640 nec
769 611 934 652 tempore
954 602 1101 653 segnior
1119 602 1196 648 illo,

183 671 364 711 Mollibus
383 685 402 710 e
422 670 546 708 stratis
565 683 679 720 opera
697 670 744 707 ad
763 668 905 707 fabrilia
924 669 1058 721 surgit.

236 739 361 777 Insula
382 738 568 778 Sicanium
582 740 690 790 juxta
707 737 803 775 latus
832 737 1079 788 Aeoliamque

181 805 353 859 Erigitur
373 806 550 856 Liparen,
579 804 808 843 fumantibus
827 804 940 841 ardua
959 804 1052 842 saxis
1069 820 1080 842 ε

182 874 305 924 Quam
325 873 451 911 subter
469 886 612 924 specus,
632 881 684 918 et,
705 871 916 923 Cyclopum
935 885 1041 910 exesa
1060 872 1224 919 caminis,

183 940 310 978 Antra
328 940 502 978 Aetnaea
525 949 655 977 tonant
674 955 685 985 ;
714 939 895 989 validique
914 939 1106 976 incudibus
1125 939 1221 978 ictus

183 1007 324 1046 Auditi
343 1006 507 1045 referunt
526 1006 724 1058 gemitum,
749 1007 983 1057 striduntque
1002 1006 1162 1044 cavernis

185 1075 392 1113 Stricturae
413 1073 640 1124 Chalybum,
669 1082 707 1111 et
725 1073 935 1110 fornacibus
954 1072 1048 1125 ignis
1067 1073 1236 1122 anhelat;

183 1141 339 1180 Volcani
360 1142 503 1186 domus,
530 1151 569 1178 et
590 1140 768 1178 Volcania
787 1140 930 1178 nomine
955 1140 1077 1178 tellus.

183 1208 275 1247 Hoc
295 1218 385 1246 tunc
405 1208 615 1260 ignipotens
635 1207 738 1244 coelo
757 1208 943 1245 descendit
963 1209 1008 1245 ab
1027 1207 1116 1247 alto.

184 1277 336 1314 Ferrum
356 1276 579 1313 exercebant
593 1284 694 1312 vasto
710 1274 897 1325 Cyclopes
912 1275 946 1311 in
964 1284 1082 1320 antro,
1115 1278 1236 1327 [mon.

183 1342 430 1392 Brontesque,
453 1342 715 1392 Steropesque,
735 1350 774 1380 et
789 1342 908 1379 nudus
920 1343 1080 1379 membra
1101 1343 1238 1394 Pyrac-

183 1407 259 1447 His
279 1407 517 1446 informatum
538 1409 715 1453 manibus,
739 1411 814 1461 jam
835 1418 938 1460 parte
959 1409 1088 1460 polita,

184 1477 338 1516 Fulmen
357 1487 436 1516 erat
456 1493 466 1523 3
496 1486 580 1515 toto
599 1477 746 1528 genitor
766 1491 858 1528 quae
879 1477 1034 1528 plurima
1052 1479 1155 1517 coelo

183 1546 322 1599 Dejicit
343 1547 377 1583 in
399 1555 513 1584 terras
531 1560 541 1583 :
573 1558 657 1596 pars
676 1544 890 1595 imperfecta
909 1546 1090 1583 manebat.

182 1613 272 1651 Tris
292 1613 416 1651 imbris
437 1613 527 1650 torti
547 1613 679 1657 radios,
709 1612 775 1649 tris
795 1612 899 1649 nubis
919 1625 1091 1663 aquosae,

185 1680 434 1724 Addiderant,
463 1679 562 1717 rutili
583 1680 647 1716 tris
666 1679 776 1730 ignis,
803 1687 841 1716 et
859 1678 953 1717 alitis
971 1681 1085 1718 austri
1103 1696 1113 1719 :

184 1747 363 1800 Fulgores
386 1760 481 1784 nunc
502 1746 705 1792 horrificos,
734 1746 980 1797 sonitumque,
1000 1756 1222 1800 metumque,

183 1814 393 1854 Miscebant
412 1813 527 1864 operi,
556 1813 782 1863 flammisque
810 1814 1026 1864 sequacibus
1045 1815 1128 1856 iras.

185 1881 296 1918 Parte
316 1880 385 1918 alia
414 1880 530 1918 Marti
550 1894 769 1931 currumque
789 1889 960 1932 rotasque
975 1881 1132 1920 volucris

186 1948 392 1993 Instabant,
412 1948 546 1998 quibus
564 1947 624 1985 ille
643 1948 751 1994 viros,
780 1948 914 1999 quibus
932 1948 1070 1987 excitat
1091 1950 1189 1989 urbis
1207 1969 1218 1999 ς

184 2014 408 2066 Aegidaque
429 2014 656 2060 horriferam,
677 2016 846 2053 turbatae
867 2015 1026 2054 Palladis
1045 2030 1156 2064 arma,

183 2079 363 2119 Certatim
383 2081 540 2132 squamis
560 2092 785 2133 serpentum,
804 2096 981 2133 auroque,
1001 2084 1181 2134 polibant,

183 2149 449 2200 Connexosque
469 2150 610 2202 anguis,
631 2150 819 2201 ipsamque
838 2150 873 2187 in
894 2160 1044 2200 pectore
1064 2152 1163 2190 divae

185 2215 378 2265 Gorgona,
406 2216 556 2255 desecto
577 2227 778 2256 vertentem
798 2217 933 2256 lumina
953 2218 1062 2255 collo.
