1455 2685
171 303 224 345 76
440 304 752 344 AENEIDOS
808 307 907 344 VII.
1087 322 1121 345 v.
1139 310 1232 350 271.

181 414 273 453 Hoc
294 414 408 453 Latio
428 426 575 461 restare,
595 427 745 462 canunt,
764 418 828 468 qui
844 418 1017 469 sanguine
1037 427 1202 456 nostrum

182 482 328 521 Nomen
348 483 384 520 in
403 493 499 521 astra
519 484 647 522 ferant.
679 484 794 522 Hunc
814 485 915 522 illum
934 499 1084 535 poscere
1107 485 1182 523 fata

183 549 238 587 Et
257 563 350 594 reor,
371 559 421 594 et,
443 551 470 587 si
492 551 580 600 quid
601 552 674 588 veri
694 565 791 589 mens
811 561 981 604 augurat,
1001 562 1107 602 opto.

180 614 291 654 Haec
311 616 456 661 effatus,
477 631 591 667 equos
611 632 760 655 numero
780 628 885 669 pater
904 618 1006 669 eligit
1026 620 1140 656 omni.

185 684 342 722 Stabant
354 693 410 721 ter
429 694 575 721 centum
595 685 699 722 nitidi
718 686 752 722 in
769 686 1001 736 praesepibus
1020 685 1100 723 altis
1117 701 1125 724 :

185 750 369 788 Omnibus
387 751 571 801 extemplo
591 752 747 789 Teucris
761 753 867 804 jubet
886 753 1011 790 ordine
1032 753 1116 790 duci

183 819 365 856 Instratos
384 827 485 855 ostro
505 817 674 868 alipedes,
692 818 870 868 pictisque
890 820 1037 869 tapetis.

181 884 312 923 Aurea
332 884 540 934 pectoribus
560 885 712 922 demissa
731 885 876 922 monilia
895 886 1055 935 pendent
1073 902 1082 924 :

182 949 294 989 Tecti
315 965 415 996 auro,
435 950 574 988 fulvum
594 951 769 988 mandunt
789 953 856 989 sub
877 952 1045 990 dentibus
1064 966 1206 990 aurum.

183 1018 347 1056 Absenti
368 1019 518 1057 Aeneae
538 1033 698 1063 currum,
728 1021 965 1070 geminosque
981 1021 1116 1072 jugalis

185 1086 329 1123 Semine
347 1085 392 1123 ab
411 1086 585 1129 aetherio,
616 1086 782 1135 spirantis
804 1087 946 1123 naribus
966 1087 1103 1138 ignem,

185 1150 338 1188 Illorum
357 1152 401 1188 de
421 1161 544 1203 gente,
573 1152 666 1202 patri
687 1166 779 1202 quos
799 1152 947 1190 daedala
967 1152 1074 1191 Circe

187 1218 389 1269 Supposita
408 1219 453 1256 de
472 1228 586 1256 mat-re
606 1219 740 1256 nothos
761 1218 881 1256 furata
900 1220 1050 1257 creavit.

186 1284 355 1330 Talibus,
376 1287 588 1331 Aeneadae,
614 1287 717 1324 donis
738 1287 917 1337 dictisque
939 1286 1080 1331 Latini,

188 1352 369 1390 Sublimes
389 1353 424 1389 in
444 1353 546 1403 equis
566 1354 731 1398 redeunt,
751 1367 950 1403 pacemque
970 1361 1171 1403 reportant.

241 1419 368 1458 Ecce!
401 1430 520 1458 autem
546 1421 702 1458 Inachiis
722 1435 796 1457 sese
815 1420 991 1457 referebat
1011 1421 1057 1458 ab
1078 1420 1199 1472 Argis

187 1487 300 1524 Saeva
318 1486 418 1525 Jovis
437 1490 609 1538 conjunx,
629 1501 803 1537 aurasque
823 1487 964 1524 invecta
982 1487 1130 1524 tenebat
1147 1503 1158 1532 ;

187 1553 241 1592 Et
261 1554 397 1591 laetum
418 1556 598 1599 Aeneam,
625 1553 846 1604 classemque
865 1569 908 1590 ex
930 1555 1073 1591 aethere
1088 1554 1201 1605 longo

187 1619 414 1658 Dardaniam
431 1620 556 1658 Siculo
576 1620 769 1670 prospexit
785 1621 830 1657 ab
851 1635 964 1671 usque
986 1620 1174 1671 Pachyno.

189 1684 318 1724 Moliri
334 1689 407 1738 jam
426 1695 525 1724 tecta
543 1687 655 1730 videt,
678 1690 753 1738 jam
774 1687 884 1724 fidere
905 1697 1048 1732 terrae;

189 1752 404 1791 Deseruisse
423 1762 531 1790 rates.
564 1754 677 1790 Stetit
699 1753 771 1790 acri
791 1753 863 1789 fixa
882 1753 1021 1789 dolore.

188 1818 305 1863 Tum,
324 1832 494 1869 quassans
513 1828 640 1869 caput,
658 1819 746 1856 haec
764 1818 919 1856 effundit
938 1829 1087 1869 pectore
1108 1819 1208 1856 dicta
1226 1834 1235 1856 :

191 1886 282 1925 Heu
302 1886 451 1935 stirpem
470 1885 617 1923 invisam
633 1888 641 1923 !
673 1895 710 1923 et
729 1886 815 1923 fatis
832 1885 1013 1923 contraria
1031 1885 1163 1922 nostris

192 1952 287 1992 Fata
307 1953 501 2004 Phrygum
519 1955 526 1990 !
560 1966 647 1990 num
669 1952 788 2003 Sigeis
808 1952 1027 1989 occumbere
1046 1952 1198 2001 campis,

193 2022 295 2060 Num
310 2020 410 2070 capti
430 2028 584 2070 potuere
603 2019 684 2069 capi
701 2020 713 2057 ?
740 2032 825 2056 num
846 2021 988 2056 incensa
1007 2018 1178 2055 cremavit

194 2086 313 2138 Troja
331 2086 425 2123 viros
442 2087 456 2123 ?
483 2086 616 2123 medias
636 2085 742 2130 acies,
762 2084 970 2136 mediosque
989 2099 1056 2135 per
1073 2084 1189 2136 ignes,

194 2154 370 2191 Invenere
387 2152 494 2189 viam.
524 2153 600 2197 At,
620 2153 744 2197 credo,
763 2165 841 2189 mea
861 2151 1006 2188 numina
1026 2151 1172 2188 tandem

197 2219 305 2267 fessa
320 2222 457 2271 jacent,
477 2219 568 2258 odiis
587 2228 651 2258 aut
670 2228 878 2257 exsaturata
898 2216 1016 2269 quievi
1032 2220 1040 2254 !
