1455 2685
172 318 207 342 v.
227 294 315 343 158.
498 299 800 340 AENEIDOS
856 301 907 339 V.
1203 303 1227 344 7

172 403 387 460 Frontibus,
401 423 438 452 et
450 414 561 466 longa
578 413 720 451 sulcant
735 413 825 450 vada
838 412 928 450 salsa
940 413 1073 461 carina.
1097 415 1230 466 [bantg

208 484 365 533 Jamque
388 481 687 532 propinquabant
708 480 877 531 scopulo,
898 489 1110 531 metamque
1130 491 1229 520 tene.

169 551 295 600 Quum
311 549 478 599 princeps
499 549 690 598 medioque
713 548 819 599 Gyas
839 548 872 584 in
895 548 1046 600 gurgite
1067 549 1186 586 victor

170 616 369 654 Rectorem
391 616 488 652 navis
507 614 706 664 compellat
727 629 829 659 voce,
852 615 1053 653 Menoeten
1071 631 1082 654 :

167 685 256 734 Quo
276 692 420 720 tantum
436 682 523 719 mihi
544 682 674 718 dexter
688 681 785 719 abis?
805 681 878 718 hue
893 681 1010 733 dirige
1030 697 1195 734 gressum
1211 700 1223 731 ς

168 751 298 788 Littus
317 764 410 794 ama,
429 759 467 787 et
482 749 598 786 laevas
614 749 771 800 stringat
789 748 863 785 sine
876 748 1036 799 palmula
1051 759 1193 795 cautes;

165 817 302 855 Altum
323 817 384 854 alii
404 826 564 855 teneant.
594 816 706 854 Dixit
725 831 733 854 :
767 816 830 853 sed
849 830 956 853 caeca
979 816 1176 855 Menoetes

166 885 264 922 Saxa
282 885 414 922 timens
433 897 578 934 proram
599 883 720 934 pelagi
741 883 937 933 detorquet
959 884 1004 921 ad
1027 884 1155 921 undas.

165 954 254 1003 Quo
274 952 433 990 diversus
453 951 549 989 abis?
569 951 701 988 iterum
721 966 730 988 :
761 961 847 1001 pete
867 965 966 996 saxa,
987 951 1165 990 Menoete
1182 967 1193 991 ε

164 1021 260 1059 Cum
279 1019 436 1057 clamore
458 1018 565 1069 Gyas
585 1018 799 1063 revocabat;
818 1026 855 1055 et
868 1020 974 1056 ecce!
995 1017 1222 1058 Cloanthum

167 1086 336 1137 Respicit
354 1087 549 1124 instantem
569 1094 691 1137 tergo,
711 1095 749 1123 et
765 1086 943 1136 ,propiora
968 1094 1167 1125 tenentem.

165 1153 248 1199 Ille,
267 1154 362 1190 inter
380 1167 581 1203 navemque
602 1153 726 1203 Gyae,
747 1153 996 1204 scopulosque
1016 1154 1193 1200 sonantis,

166 1221 282 1258 Radit
302 1221 372 1258 iter
390 1220 532 1258 laevum
553 1220 715 1264 interior,
737 1221 934 1270 subitoque
954 1220 1113 1270 priorem

161 1287 358 1332 Praeterit,
377 1296 416 1325 et
436 1288 540 1324 metis
560 1297 660 1325 tenet
677 1301 836 1338 aequora
856 1296 939 1324 tuta
960 1286 1110 1325 relictis.

162 1355 265 1393 Tum
284 1369 369 1392 vero
388 1355 522 1391 exarsit
536 1355 660 1406 juveni
680 1354 787 1391 dolor
804 1354 947 1392 ossibus
966 1354 1110 1406 ingens,

160 1423 243 1462 Nec
262 1422 418 1460 lacrimis
432 1435 578 1459 caruere
591 1435 706 1472 genae
723 1436 732 1466 3
755 1435 977 1473 segnemque
999 1422 1219 1469 Menoeten,-

161 1491 314 1531 Oblitus
334 1490 549 1540 decorisque
568 1489 637 1534 sui,
657 1490 869 1540 sociumque
890 1490 1031 1536 salutis,

161 1559 205 1596 In
227 1571 324 1595 mare
342 1557 581 1607 praecipitem
603 1557 720 1607 puppi
741 1558 916 1595 deturbat
936 1558 982 1595 ab
1002 1558 1076 1596 alta
1093 1573 1104 1597 z

161 1626 247 1676 Ipse
267 1623 491 1676 gubernaclo
513 1634 636 1662 rector
655 1624 768 1669 subit,
789 1625 864 1675 ipse
886 1625 1060 1677 magister
1078 1641 1089 1671 ;

159 1692 424 1743 Hortaturque
444 1692 553 1736 viros,
572 1691 787 1742 clavumque
808 1693 855 1730 ad
874 1692 1000 1730 littora
1020 1703 1185 1745 torquet.

157 1761 220 1798 At
239 1760 373 1813 gravis,
393 1767 435 1796 ut
455 1758 570 1796 fundo
590 1759 649 1796 vix
670 1760 817 1797 tandem
836 1761 1003 1798 redditus
1023 1762 1096 1799 imo
1116 1772 1187 1810 est,

156 1828 239 1867 Jam
260 1827 391 1871 senior,
412 1827 628 1877 madidaque
648 1827 761 1864 fluens
782 1827 816 1864 in
838 1837 951 1873 veste,
978 1829 1189 1877 Menoetes,

159 1895 309 1933 Summa
328 1894 423 1944 petit
443 1894 599 1944 scopuli,
621 1895 790 1945 siccaque
811 1896 846 1932 in
867 1909 958 1947 rupe
978 1898 1125 1935 resedit.

159 1962 268 2000 Illum
287 1971 325 2000 et
343 1961 525 2000 labentem
546 1962 687 2000 Teucri
707 1972 744 2001 et
764 1963 870 2001 risere
890 1973 1091 2010 natantem,
1116 1970 1118 1973 “

158 2029 211 2066 Et
232 2029 344 2067 salsos
363 2029 482 2066 rident
502 2038 748 2068 revomentem
770 2040 921 2080 pectore
942 2032 1092 2070 fluctus.

160 2094 237 2134 Hic
258 2097 352 2134 laeta
371 2097 541 2134 extremis
562 2111 642 2148 spes
661 2107 715 2136 est
736 2112 887 2136 accensa
907 2100 1067 2145 duobus,

157 2164 332 2216 Sergesto
353 2165 628 2216 Mnestheique,
651 2166 764 2217 Gyan
779 2181 945 2218 superare
966 2177 1182 2206 morantem.

157 2228 352 2280 Sergestus
368 2231 468 2281 capit
479 2240 563 2269 ante
576 2231 712 2275 locum,
728 2233 955 2284 scopuloque
970 2235 1209 2285 propinquat:

207 2294 325 2333 Tom.
349 2297 407 2334 ΙΙ.
680 2300 723 2337 A
754 2303 778 2337 r1=
