1455 2685
427 431 472 475 1³.
501 435 758 476 VIRGILII
792 426 1058 475 MARoNts

264 605 1215 665 AENEIDUS

562 787 742 828 LIBER
797 787 924 826 VIII.

213 1080 284 1119 UT
304 1079 388 1116 belli
409 1080 552 1130 signum
573 1079 751 1117 Laurenti
771 1079 923 1117 Turnus
943 1079 988 1116 ab
1009 1088 1089 1116 arce

212 1145 378 1190 Extulit,
407 1155 444 1182 et
464 1160 574 1183 rauco
595 1155 829 1196 strepuerunt
849 1160 986 1183 cornua
1005 1155 1141 1191 cantu3

213 1213 346 1262 thue
365 1213 456 1250 acris
476 1213 659 1250 concussit
678 1225 806 1263 equos,
835 1222 950 1263 utque
969 1211 1114 1262 impulit
1133 1225 1255 1249 arma:

212 1279 415 1330 Extemplo
435 1280 572 1317 turbati
592 1280 722 1324 animi3
753 1279 858 1316 simul
877 1294 982 1316 omne
1002 1278 1164 1316 tumultu

211 1346 388 1397 Conjurat
408 1346 552 1396 trepido
574 1346 741 1391 Latium,
770 1347 954 1397 saevitque
969 1349 1139 1397 juventus

211 1411 349 1450 Effera.
406 1413 596 1450 Ductores
608 1413 728 1463 primi,
757 1412 950 1462 Messapus
977 1421 1015 1449 et
1036 1410 1172 1454 Ufens,

211 1480 504 1529 Contemtorque
524 1479 644 1524 deum,
664 1479 890 1524 Mezentius,
910 1479 1070 1528 undique
1090 1486 1232 1528 cogunt

209 1545 380 1590 Auxilia,
407 1554 446 1583 et
464 1545 558 1583 latos
577 1555 720 1584 vastant
740 1546 945 1583 cultoribus
973 1558 1094 1596 agros.

210 1611 381 1649 Mittitur
399 1622 436 1650 et
455 1613 576 1664 magni
596 1612 763 1650 Venulus
784 1612 979 1651 Diomedis
999 1613 1046 1648 ad
1066 1613 1207 1656 urbem,

211 1678 288 1728 Qui
307 1688 409 1729 petat
429 1679 615 1723 auxilium,
643 1688 695 1724 et,
726 1679 840 1717 Latio
858 1678 1054 1716 consistere
1074 1678 1255 1723 Teucros,

209 1745 425 1782 Advectum
445 1746 599 1783 Aenean
620 1745 737 1790 classi,
765 1745 954 1795 victosque
976 1744 1121 1782 Penatis

211 1810 364 1855 Inferrc‚
393 1821 430 1848 et
450 1811 534 1848 fatis
554 1826 676 1862 regem
699 1825 733 1847 se
754 1811 871 1849 dicere
892 1812 1007 1861 posci,

212 1878 396 1922 Edoceat,
425 1877 628 1927 multasque
648 1877 724 1914 viro
745 1891 782 1914 se
800 1878 998 1929 adjungere
1017 1878 1137 1928 gentis

208 1944 414 1988 Dardanio,
442 1954 479 1981 et
498 1943 570 1980 late
590 1942 703 1980 Latio
722 1943 984 1981 increbrescere
1004 1957 1146 1980 nomen.

209 2009 312 2060 Quid
328 2019 443 2047 struat
458 2010 514 2047 his
529 2009 683 2060 coeptis,
703 2023 823 2060 quem,
837 2010 864 2046 si
884 2010 1050 2048 Fortuna
1067 2019 1254 2060 sequatur,

209 2076 392 2113 Eventum
411 2089 556 2127 pugnae
575 2075 714 2126 cupiat,
743 2075 965 2113 manifestius
983 2076 1066 2126 ipsi,

210 2143 331 2192 Quam
351 2142 481 2180 Turno
501 2142 592 2194 regi,
621 2152 682 2179 aut
700 2143 777 2193 regi
797 2155 970 2194 apparere
989 2142 1141 2180 Latino.

261 2208 367 2246 Talia
386 2223 451 2260 per
471 2209 646 2247 Latium:
671 2222 763 2260 quae
782 2209 1074 2248 Laomedontius
1093 2209 1195 2245 heroe
