1455 2685
190 322 268 357 246
478 316 779 356 AENEIDOS
837 316 938 354 XII.
1102 329 1136 353 v.
1154 317 1244 357 743.

189 433 244 470 Et
266 445 359 469 nunc
379 431 466 476 huc,
487 431 572 468 inde
590 431 679 474 huc,
700 430 860 467 incertos
881 427 1045 479 implicat
1064 428 1188 468 orbis:

188 500 367 549 Undique
387 498 481 535 enim
502 499 612 536 densa
632 498 771 536 Teucri
792 496 968 533 inclusere
989 509 1151 540 corona3

186 567 321 616 Atque
336 566 419 603 hinc
440 574 538 602 vasta
553 563 670 614 palus,
686 563 771 600 hinc
785 563 895 600 ardua
911 562 1052 600 moenia
1072 563 1242 613 cingunt.

250 634 333 672 Nec
354 632 470 670 minus
488 632 652 675 Aeneas,
677 644 909 680 quamquam,
939 630 1080 666 tardata
1100 629 1248 680 sagitta,

191 700 385 737 Interdum
407 712 531 750 genua
549 698 767 748 impediunt,
788 710 1006 747 cursumque
1026 704 1206 740 recusant,

188 766 414 817 Insequitur,
434 765 644 815 trepidique
663 764 793 813 pedem
808 764 900 814 pede
916 763 1075 801 fervidus
1091 771 1242 815 urguet:

188 833 377 871 Inclusum
396 832 509 870 veluti
530 831 557 867 si
577 831 722 881 quando
744 830 891 867 flumine
912 839 1043 868 nactus

187 901 360 944 Cei-vum,
380 908 444 936 aut
463 898 637 949 puniceae
658 907 802 947 septum
823 896 1016 934 formidine
1035 910 1190 946 pennae,

187 967 354 1004 Venator
373 979 495 1008 cursu,
521 964 618 1001 canis
637 973 676 1001 et
698 963 890 1001 latratibus
909 962 1020 1000 instat
1036 977 1048 1008 ;

189 1033 258 1071 Ille
279 1042 414 1076 autem,
434 1031 572 1068 insidiis
591 1039 629 1067 et
649 1030 727 1080 ripa
747 1029 896 1067 territus
916 1029 1002 1074 alta,

187 1100 294 1138 Mille
313 1099 411 1151 fugit
432 1098 647 1149 refugitque
668 1097 741 1135 vias
759 1113 768 1135 :
800 1106 837 1134 at
853 1097 994 1134 vividus
1015 1097 1161 1135 Umber

187 1168 332 1206 Haeret
353 1167 469 1210 hians,
484 1168 558 1217 jam
574 1167 724 1217 jamque
744 1174 859 1209 tenet,
888 1163 1084 1214 similisque
1103 1162 1243 1201 tenenti

188 1234 379 1285 Increpuit
399 1233 514 1277 malis,
536 1245 730 1282 morsuque
749 1231 871 1269 elusus
895 1231 989 1268 inani
1014 1240 1083 1269 est.

188 1303 291 1341 Tum
310 1316 395 1339 vero
415 1300 581 1338 exoritur
600 1298 761 1336 clamor:
793 1299 981 1349 ripaeque,
1005 1298 1192 1348 lacusque,

190 1372 423 1420 Responsaut
444 1368 554 1411 circa,
574 1376 612 1404 et
633 1366 777 1403 coelum
793 1375 898 1403 tonat
914 1379 1020 1402 omne
1041 1364 1217 1402 tumultu.

191 1436 274 1480 Ille,
295 1434 400 1472 simul
415 1434 574 1484 fugiens,
597 1433 760 1471 Rutulos
781 1432 886 1470 simul
905 1432 1068 1482 increpat
1089 1431 1219 1475 omnis,

189 1504 348 1541 Nomine
369 1515 550 1552 quemque
571 1514 722 1546 vocan33
753 1510 955 1550 notumque
983 1498 1162 1549 efflagitat
1185 1512 1247 1535 en-

189 1571 339 1608 Aeneas
361 1577 516 1605 mortem
538 1576 666 1604 contra
681 1581 922 1617 praesensque
942 1565 1100 1603 minatur
1133 1568 1243 1616 [sem.

190 1636 372 1679 Exitium,
394 1634 421 1672 si
441 1634 634 1684 quisquam
655 1633 762 1670 adeat
779 1648 790 1678 ;
811 1641 998 1682 terretque
1014 1631 1218 1675 trementis,

189 1703 414 1742 Excisurum
434 1702 560 1738 urbem
590 1701 785 1746 minitan33
815 1709 853 1738 et
875 1700 1016 1738 saucius
1036 1700 1161 1736 instat.

189 1770 364 1820 Quinque
384 1768 481 1806 orbis
501 1767 652 1818 explent
672 1781 796 1812 cursu,
825 1767 1052 1817 totidemque
1072 1774 1246 1804 retexunt

190 1838 283 1875 Huc
304 1836 405 1874 illuc.
445 1834 578 1885 Neque
597 1834 692 1872 enim
712 1834 804 1871 levia
823 1824 885 1870 aut
906 1833 1047 1871 ludicra
1065 1843 1245 1884 petuntur

189 1905 379 1944 Praemia:
411 1904 475 1941 sed
493 1902 615 1940 Turni
636 1903 681 1939 de
703 1901 776 1938 vita
798 1909 835 1938 et
856 1900 1031 1951 sanguine
1052 1909 1207 1937 certant.

244 1973 371 2015 Forte,
400 1984 500 2008 sacer
522 1969 663 2012 Fauno,
693 1967 790 2004 foliis
809 1967 966 2005 oleaster
983 1967 1110 2004 amaris

190 2039 270 2077 Hic
291 2046 457 2081 steterat,
486 2036 605 2073 nautis
625 2035 712 2072 olim
732 2034 934 2072 venerabile
952 2033 1093 2085 lignum
1112 2049 1123 2078 ;

192 2107 333 2146 Servati
353 2120 396 2143 ex
417 2104 537 2148 undis,
566 2102 629 2140 ubi
651 2102 762 2153 figere
782 2101 877 2138 dona
898 2100 1065 2138 solebant

191 2173 371 2213 Laurenti
391 2172 487 2214 divo,
515 2179 552 2208 et
573 2178 675 2207 votas
696 2169 914 2219 suspendere
934 2167 1056 2205 vestis.

195 2241 268 2279 Sed
286 2240 438 2291 stirpem
453 2237 593 2276 Teucri
609 2236 707 2274 nullo
728 2236 934 2274 discrimine
955 2248 1096 2274 sacrum
