1455 2685
171 332 250 369 210
438 327 743 368 AENEIDOS
801 324 902 367 XII.
1079 343 1113 368 ν.
1128 323 1218 371 ὅῒίῗ.

168 442 296 481 Scalae
315 442 525 492 improvise,
554 442 770 493 subitusque
791 441 961 492 apparuit
981 441 1088 493 ignis.

164 511 392 549 Discurrunt
406 509 463 546 alii
479 511 524 547 ad
545 519 682 560 portas,
712 509 921 560 primosque
942 510 1129 547 trucidant
1151 525 1160 548 :

167 579 320 616 Ferrum
340 578 399 615 alii
419 586 608 627 torquent,
621 586 659 614 et
675 577 899 614 obumbrant
915 577 1060 615 aethera
1076 577 1170 615 telis.

165 647 266 696 Ipse,
295 646 389 683 inter
408 645 556 695 primos,
586 644 753 681 dextram
775 645 841 681 sub
865 645 1007 682 moenia
1026 644 1147 682 tendit

163 714 327 757 Aeneas,
356 725 560 763 magnaque
579 711 721 748 incusat
741 725 829 748 voce
850 711 1028 749 Latinum
1045 728 1054 757 ;

163 779 416 830 Testaturque
436 779 536 822 deos,
562 778 694 814 iterum
715 791 751 814 se
771 778 818 814 ad
836 778 973 828 proelia
993 779 1078 830 cogi
1098 794 1108 823 ;

164 847 228 885 Bis
243 850 319 900 jam
342 846 455 884 Italos
470 845 586 882 hostis
604 860 615 890 3
643 844 733 881 haec
749 843 860 882 altera
880 845 1026 882 foedera
1046 845 1181 896 rumpi,-

162 915 345 953 Exoritur
364 913 525 963 trepidos
545 912 639 949 inter
658 911 840 948 discordia
860 911 946 948 civis
962 927 972 950 ε

164 983 309 1021 Urbem
329 980 387 1018 alii
408 993 561 1017 reserare
578 979 726 1030 jubent,
754 987 792 1015 et
813 979 969 1028 pandere
993 988 1118 1029 portas

161 1048 400 1092 Dardanidis,
427 1047 620 1097 ipsumque
640 1045 792 1082 trahunt
813 1045 847 1082 in
868 1046 1009 1083 moenia
1028 1060 1179 1097 regem;

159 1118 282 1155 Arma
301 1115 422 1153 ferunt
442 1113 514 1157 aiii,
543 1123 580 1150 et
601 1122 761 1164 pergunt
781 1112 976 1150 defendere
997 1127 1118 1150 muros
1136 1128 1151 1150 :-

158 1184 325 1222 Inclusas
345 1192 386 1219 ut
406 1195 490 1218 cum
510 1180 694 1218 latebroso
713 1180 748 1216 in
770 1180 915 1230 pumice
937 1189 1063 1230 pastor

161 1249 374 1302 Vestigavit
395 1262 493 1299 apes,
523 1248 698 1298 fumoque
718 1247 881 1298 implevit
902 1261 1023 1284 amaro
1042 1263 1056 1294 3

162 1319 252 1356 Illae
272 1318 383 1362 intus,
413 1316 576 1366 trepidae
597 1330 730 1362 rerum,
759 1330 824 1366 per
843 1329 946 1352 cerea
965 1322 1087 1352 castra*

163 1387 404 1429 Discurrunt,
433 1384 647 1435 magnisque
666 1393 802 1421 acuunt
822 1383 1038 1420 stridoribus
1057 1382 1124 1419 iras
1139 1397 1152 1429 ;

159 1452 335 1490 Volvitur
354 1460 432 1489 ater
446 1451 540 1488 odor
558 1451 666 1488 tectis
685 1466 695 1496 ;
725 1459 805 1488 tum
825 1464 1008 1487 murmure
1028 1462 1140 1487 caeco

161 1522 269 1558 Intus
289 1532 374 1556 saxa
395 1528 523 1556 sonant
542 1534 552 1564 ;
581 1532 714 1557 vacuas
732 1518 761 1556 it
781 1517 903 1554 fumus
923 1517 969 1553 ad
987 1529 1105 1553 auras.

214 1586 373 1625 Accidit
391 1587 481 1624 haec
501 1586 604 1624 fessis
621 1588 731 1624 etiam
752 1586 901 1624 fortuna
921 1585 1082 1630 Latinis,

160 1657 267 1706 Quae
287 1662 406 1691 totam
426 1653 530 1691 luctu
550 1653 734 1691 concussit
753 1653 920 1690 funditus
939 1653 1080 1689 urbem.

162 1721 320 1773 Regina,
351 1730 393 1758 ut
411 1720 519 1757 tectis
537 1720 741 1758 venientem
761 1720 942 1770 prospicit
961 1720 1121 1764 hostem,

159 1788 299 1828 Incessi
317 1801 452 1832 muros,
480 1787 575 1839 ignis
595 1788 641 1824 ad
660 1795 761 1824 tecta
779 1786 914 1831 volare,

158 1858 353 1908 Nusquam
366 1854 460 1893 acies
474 1864 604 1892 contra
619 1854 793 1898 Rutulas,
809 1854 906 1890 nulla
919 1853 1064 1905 agmina
1079 1853 1233 1899 Turnis

159 1923 294 1963 Infelix
315 1936 462 1974 pugnae
475 1924 645 1974 juvenem
664 1921 699 1957 in
720 1920 916 1958 certamine
934 1920 1050 1957 credit

160 1990 405 2030 Exstinctum
420 2004 431 2035 3
464 1998 517 2034 et,
546 1989 669 2027 subito
688 1997 847 2026 mer-tem
865 1987 1014 2025 turbata
1033 1986 1172 2032 dolore,

107 2101 110 2105 ,
161 2061 208 2098 Se
224 2071 384 2097 caussam
399 2055 544 2101 clamat,
559 2056 782 2106 crimenque,
798 2064 984 2105 caputque
1004 2053 1180 2092 malorum
1198 2070 1220 2102 ς»

157 2125 358 2176 {stultaque
377 2138 442 2175 per
461 2133 642 2161 moestum
659 2123 804 2160 demens
823 2121 932 2160 effata
951 2121 1126 2167 furorem,

158 2194 369 2244 Purpureos
388 2192 563 2229 moritura
582 2204 689 2228 manu
710 2189 880 2228 discindit
899 2189 1069 2234 amictus,

161 2261 216 2300 Et
236 2260 374 2300 nodum
394 2258 559 2298 informis
577 2258 640 2296 leti
661 2258 766 2297 trabe
785 2257 901 2296 nectit
921 2257 967 2295 ab
988 2255 1075 2295 alta.
