1455 2685
176 307 252 343 150
461 301 760 341 AENEIDOS
818 303 895 340 IX.
1069 317 1103 341 v.
1120 303 1210 344 743.

173 415 344 454 Dixerat.
401 415 482 461 Ille,
510 416 635 453 rudem
655 416 757 452 nodis
775 424 813 452 et
832 414 967 452 cortice
987 415 1115 459 crudo,

175 483 382 533 Intorquet‚
411 482 556 519 summis
577 482 730 519 adnixus
749 482 896 526 viribus,
925 482 1078 519 hastam.

173 549 364 599 Excepere
386 563 490 586 aurae
511 548 638 585 volnus
656 565 666 593 ;
697 548 866 586 Saturnia
885 549 982 585 Juno

175 616 348 653 Detorsit
368 616 507 652 veniens
523 631 533 660 ;
562 624 762 666 portaeque
781 615 946 665 infigitur
964 615 1079 651 hasta.

173 684 234 720 At
253 697 322 719 non
342 683 413 719 hoc
432 682 559 726 telum,
587 695 666 719 mea
686 682 786 731 quod
807 682 839 717 vi
862 681 1011 718 dextera
1030 688 1159 724 vers-at,

173 750 341 800 Effugies
359 765 367 787 :
399 764 514 800 neque
533 748 627 786 enim
645 748 674 785 is
694 748 758 785 teli
777 762 841 785 nec
862 748 1014 785 vulneris
1035 757 1175 784 auctor.

173 817 235 854 Sic
254 816 317 861 ait,
345 825 382 853 et
402 816 584 853 sublatum
603 815 674 852 alte
694 815 884 866 consurgit
903 814 939 851 in
959 828 1092 858 ensem,

173 883 227 920 Et
247 883 399 920 mediam
418 882 513 920 ferro
532 882 673 933 gemina
701 883 795 919 inter
816 891 979 931 tempora
999 881 1157 918 frontem

171 949 331 993 Dividit,
358 949 594 999 impubesque
613 949 757 985 immani
776 948 920 985 volnere
939 947 1062 985 malas.
1150 949 1153 951 ’

173 1015 234 1052 Fit
256 1028 361 1052 sonus
378 1030 388 1052 ε
419 1015 557 1066 ingenti
576 1028 748 1052 concussa
766 1023 820 1052 est
839 1015 999 1064 pondere
1019 1013 1140 1051 tellus.

173 1081 363 1131 Collapsos
382 1090 494 1125 artus,
523 1090 632 1131 atque
660 1095 756 1118 arma
775 1090 923 1118 cruenta
943 1081 1106 1124 cerebro,

173 1148 312 1185 Sternit
331 1148 431 1185 humi
446 1148 600 1185 moriens
619 1164 630 1194 ;
660 1157 769 1198 atque
788 1148 839 1185 illi
859 1148 1024 1198 partibus
1043 1146 1164 1197 aequis

172 1214 264 1251 Huc
278 1224 403 1265 caput,
423 1224 534 1265 atque
553 1215 653 1259 illuc,
673 1215 823 1252 humero
843 1229 888 1252 ex
909 1224 1065 1265 utroque
1079 1227 1214 1265 pepen-

173 1282 394 1333 Diffugiunt
414 1281 503 1319 versi
522 1282 666 1332 trepida
684 1281 876 1319 formidine
897 1282 1016 1320 Troes
1032 1298 1042 1327 ;
1123 1281 1212 1333 [dit.

172 1349 239 1392 Et,
267 1349 295 1386 si
315 1349 489 1386 continuo
510 1348 685 1386 victorem
704 1362 745 1386 ea
764 1363 852 1386 cura
871 1348 1024 1386 subisset

173 1416 360 1466 Rumpere
374 1415 530 1453 claustra
542 1429 661 1460 manu,
675 1415 865 1466 sociosque
878 1416 1071 1453 immittere
1083 1415 1212 1466 porti&

172 1482 335 1520 Ultimus
354 1483 412 1520 ille
432 1482 506 1519 dies
526 1482 620 1519 bello
641 1483 813 1533 gentique
832 1482 959 1520 fuisset
977 1498 987 1520 ;

172 1550 245 1586 Sed
265 1549 366 1586 furor
385 1550 582 1594 ardentem,
610 1549 802 1599 caedisque
830 1549 951 1586 insana
970 1549 1106 1599 cupido

171 1615 264 1666 Egit
284 1617 318 1652 in
340 1617 520 1652 adversos.

223 1681 406 1731 Principio
428 1681 606 1719 Phalerim
627 1691 663 1719 et
683 1682 823 1719 succiso
838 1681 979 1732 poplite
1003 1683 1144 1733 Gygen

170 1749 323 1799 Excipit
341 1764 351 1793 3
371 1748 454 1785 hinc
475 1758 596 1798 raptas
615 1748 842 1799 fugientibus
862 1749 995 1799 ingerit
1015 1749 1136 1786 hastas

171 1816 214 1854 In
235 1826 382 1868 tergus:
414 1817 512 1854 Juno
531 1816 622 1853 vires
642 1816 875 1866 animumque
894 1817 1086 1854 ministrat.

166 1883 290 1920 Addit
311 1882 453 1933 Halym
472 1883 658 1926 comitem,
677 1892 713 1920 et
726 1883 870 1920 confixa
889 1884 1039 1935 Phegea
1059 1896 1210 1933 parma3

170 1949 322 1999 Ignaros
341 1949 467 1986 deinde
480 1949 513 1986 in
530 1950 653 1993 muris,
670 1950 904 2000 Martemque
924 1950 1064 1994 cientis,
1104 1953 1210 2000 [que.

167 2015 1214 2066 Alcandrumque‚Haliun-1que‚t7oemonaqne,Prytanim-

169 2081 334 2132 Lyncea,
355 2082 562 2119 tendentem
583 2092 724 2127 contra,
746 2084 935 2133 sociosque
955 2093 1160 2128 vocantem,

168 2148 336 2186 vibranti
357 2148 478 2200 gladio
498 2150 674 2186 connixus
693 2152 738 2188 ab
759 2165 906 2203 aggere,
927 2151 1055 2188 dexter

170 2215 342 2268 Occupat
361 2231 371 2254 ς
402 2216 501 2260 huic,
532 2230 605 2254 uno
625 2217 803 2268 dejectum
825 2218 1024 2255 comminus
1043 2217 1133 2264 ictu,
