1455 2685
170 330 205 356 υ.
220 318 312 359 747.
489 317 790 355 AENEIDOS
848 318 923 356 XI.
1143 323 1220 360 213

173 430 292 469 Arma
311 431 499 481 virumque
514 430 630 468 ferens
648 446 658 476 ;
679 439 758 467 tum
774 443 911 467 summa
930 430 1041 480 ipsius
1058 433 1102 470 ab
1117 432 1220 472 hasta

172 498 364 549 Defringit
385 497 533 541 ferrum,
562 506 600 534 et
621 497 733 547 partis
753 496 905 534 rimatur
923 506 1080 546 apertas,

172 565 259 614 Qua
279 564 405 602 volnus
425 563 532 601 letale
551 563 644 601 ferat
661 579 669 601 ε
701 573 830 600 contra
850 563 908 600 ille
929 578 1136 615 repugnans

174 631 337 668 Sustinet
357 645 376 668 a
391 630 524 682 jugulo
545 631 724 674 dextram,
751 638 788 667 et
809 630 880 667 vim
899 630 1033 667 viribus
1052 631 1141 670 exit.

173 697 307 747 thue
329 697 450 734 volans
469 696 542 734 alte
561 706 707 747 raptum
727 711 810 735 cum
831 696 929 734 fulva
949 698 1144 736 draconem

174 764 262 801 Fert
275 763 668 814 aquila,implicuitque
680 763 802 813 pedes,
816 773 927 814 atque
940 765 1124 815 unguibus
1136 765 1221 804 hae-

172 830 325 868 Saucius
344 839 381 867 at
401 844 546 881 serpens
566 830 708 867 sinuosa
728 830 911 867 volumina
932 841 1063 876 versat,
1122 833 1218 883 [sit;

169 897 413 948 Arreetisque
432 897 559 934 horret
579 897 748 947 squamis,
775 907 814 934 et
834 896 955 934 sibilat
983 911 1059 943 ore,

169 965 327 1003 Arduus
346 964 535 1016 insurgens
554 979 564 1003 :
585 964 645 1001 illa
664 964 761 1001 haud
782 964 897 1001 minus
917 974 1052 1016 urguet
1071 966 1219 1004 obunco

171 1031 401 1069 Luctantem
422 1041 539 1068 rostro
557 1047 568 1077 ;
599 1031 704 1069 simul
723 1031 870 1068 aethera
891 1032 1056 1069 verberat
1075 1033 1163 1071 alis:

171 1099 288 1137 Haud
311 1098 416 1135 aliter
435 1098 603 1149 praedam
624 1098 828 1135 Tiburtum
841 1112 885 1135 ex
907 1098 1048 1149 agmine
1068 1099 1220 1138 Tarcho

170 1165 300 1202 Pon-tat
315 1179 436 1203 ovans.
467 1165 590 1203 Ducis
605 1165 810 1214 exemplum
827 1174 1070 1215 eventumque
1088 1167 1218 1213 secuti,

171 1230 389 1269 Maeonidae
405 1231 606 1270 incurrunt.
665 1232 780 1278 Tum,
797 1231 882 1269 fatis
896 1232 1057 1277 debitus,
1074 1233 1222 1271 Arruns

167 1298 344 1336 Velocem
360 1298 483 1350 jaculo
503 1308 539 1336 et
560 1298 675 1336 multa
695 1299 796 1349 prior
814 1307 891 1336 arte
911 1299 1102 1337 Camillam

168 1366 324 1410 Circuit,
352 1375 404 1410 et,
433 1379 526 1416 quae
547 1367 594 1403 sit
614 1366 761 1402 fortuna
782 1365 968 1411 facillima,
997 1375 1130 1407 tentat.

168 1435 254 1484 Qua
275 1447 310 1472 se
330 1447 486 1484 cumque
506 1432 628 1471 furens
647 1433 766 1469 medio
786 1432 872 1470 tulit
892 1434 1034 1484 agmine
1055 1436 1184 1487 virgo3

168 1501 256 1539 Hac
277 1503 425 1538 Arruns
446 1500 560 1544 subit,
588 1508 625 1537 et
645 1499 779 1537 tacitus
801 1501 952 1551 vestigia
971 1501 1101 1540 lustrat
1119 1519 1129 1541 :

168 1570 255 1618 Qua
270 1568 399 1606 victrix
414 1568 507 1606 redit
523 1567 596 1612 illa,
618 1568 822 1618 pedemque
837 1581 882 1604 ex
899 1568 1006 1606 hoste
1023 1579 1188 1620 reportat
1207 1586 1219 1617 ;

165 1635 253 1672 Hac
268 1635 407 1687 juvenis
425 1634 552 1672 furtim
572 1634 697 1672 celeris
718 1635 915 1684 detorquet
936 1635 1106 1673 habenas.

165 1702 252 1740 Hos
268 1701 399 1744 aditus,
414 1704 562 1754 jamque
582 1702 648 1739 lios
661 1702 796 1746 aditus,
816 1716 1035 1752 omnemque
1055 1713 1217 1752 pererrat

167 1768 343 1818 Undique
362 1768 577 1814 circuitum3
593 1776 629 1805 et
645 1777 782 1805 certam
803 1768 922 1819 quatit
937 1769 1127 1819 improbus
1140 1770 1220 1808 has-

380 1845 469 1874 tam.

167 1902 294 1947 Forte,
311 1916 412 1940 sacer
424 1902 600 1954 Cybelae,
617 1903 812 1950 Chloreus,
826 1903 985 1954 olimque
1001 1905 1183 1950 sacerdos,

168 1969 328 2021 Insignis
347 1969 457 2021 longe
479 1970 655 2021 Phrygiis
685 1970 851 2022 fulgebat
872 1971 906 2007 in
926 1971 1058 2017 armis;

168 2036 480 2088 Spumantemque
499 2037 666 2088 agitabat
685 2052 834 2088 equum,
865 2052 972 2088 quem
992 2038 1095 2088 pellis
1108 2041 1205 2079 aenis

169 2103 213 2142 In
235 2102 394 2152 plumam
414 2105 584 2155 squamis,
613 2118 702 2142 auro
722 2114 902 2150 conserta,
931 2107 1094 2156 tegebat.

168 2169 269 2219 lpse,
299 2171 487 2222 peregrina
508 2171 692 2223 ferrugine
712 2172 842 2216 clarus,
871 2182 908 2209 et
929 2181 1044 2217 ostro,

168 2236 321 2288 Spicula
340 2238 538 2290 torquebat
559 2238 683 2290 Lycio
707 2239 893 2291 Gortynia
911 2252 1025 2278 cornu
1044 2253 1054 2279 z
