1455 2685
156 305 161 309 ’
182 339 215 365 v:
233 330 323 366 438.
511 324 812 364 AENEIDos
868 325 919 364 v.
1184 329 1231 368 17

186 439 354 489 Corpore
371 437 442 475 tela
461 438 586 482 modo,
605 446 716 488 atque
734 437 851 475 oculis
871 435 1118 488 vigilantibus,
1138 437 1229 475 exit.

187 506 269 550 Ille,
290 505 387 543 velut
406 505 536 543 celsam
556 514 750 555 oppugnat
770 504 832 554 qui
859 503 1014 541 molibus
1034 505 1175 549 urbem,

178 572 265 610 Aut
283 581 453 609 montana
472 571 573 608 sedet
593 571 731 608 circum
750 570 899 608 castella
918 571 985 608 sub
1005 570 1126 614 armis,

178 638 289 675 Nunc
309 638 389 682 hos,
410 651 504 674 nunc
523 637 603 674 illos
622 637 755 680 aditus,
774 650 990 685 omnemque
1010 646 1173 686 pererrat

176 703 276 742 Arte
293 704 414 741 locum
432 720 443 750 3
471 713 509 741 et
529 704 632 741 variis
650 703 855 742 adsultibus
874 703 996 741 irritus
1017 713 1164 754 urguet.

177 771 351 809 Ostendit
371 772 536 809 dextram
555 771 744 822 insurgens
766 770 949 816 Entellus,
972 780 1011 809 et
1030 771 1102 809 alte

175 837 328 876 Extulit
345 853 354 876 :
385 838 444 875 ille
463 839 579 876 ictum
601 838 801 875 venientem
821 851 841 874 a
860 839 996 876 vertice
1016 838 1121 877 velox

174 904 371 950 Praevidit,
390 904 569 956 celerique
588 905 731 956 elapsus
751 919 907 955 corpore
927 905 1045 943 cessit.

174 969 344 1008 Entellus
362 971 452 1009 vires
471 972 506 1008 in
527 981 675 1009 ventum
695 971 825 1009 effudit
843 987 853 1016 3
890 981 927 1009 et
948 971 1061 1016 ultro,

175 1036 260 1087 Ipse
279 1039 411 1089 gravis,
431 1040 673 1090 graviterque,
693 1039 739 1075 ad
759 1047 890 1076 terram
911 1039 1069 1090 pondere
1090 1046 1198 1076 vasto'

174 1103 365 1142 Concidit:
381 1115 421 1142 ut
435 1106 619 1156 quondam
632 1119 718 1143 cava
730 1106 890 1143 concidit
903 1115 965 1142 aut
974 1105 1221 1155 Erymantho,

175 1172 260 1208 Aut
281 1171 348 1207 Ida
366 1171 401 1207 in
422 1185 565 1223 magna,
586 1173 768 1210 radicibus
789 1182 906 1215 eruta,
927 1173 1047 1222 pinus.

173 1237 413 1288 Consurgunt
434 1238 561 1275 studiis
581 1239 718 1277 Teucri
734 1248 772 1275 et
792 1238 983 1275 Trinacria
1003 1238 1142 1288 pubes:

173 1306 211 1342 It
233 1305 370 1342 clamor
389 1305 491 1342 coelo
510 1321 521 1350 ;
550 1305 759 1357 primusque
779 1305 937 1342 accurrit
958 1306 1131 1348 Acestes,

171 1374 487 1423 Aequaevumque
507 1373 552 1410 ab
573 1372 684 1409 humo
705 1373 877 1410 miserans
892 1372 1031 1409 attollit
1051 1373 1223 1409 amicum.v

170 1442 244 1485 At,
275 1455 346 1478 non
366 1441 531 1478 tardatus
551 1453 649 1483 casu,
678 1454 794 1490 neque
823 1440 987 1483 territus,
1008 1440 1115 1477 heros

170 1508 309 1545 Acrior
327 1508 373 1545 ad
393 1521 554 1558 pugnam
574 1508 680 1551 redit,
708 1520 750 1544 ac
772 1506 840 1543 vim
861 1508 1012 1544 suscitat
1033 1507 1082 1543 ira
1101 1522 1112 1551 ς

170 1575 273 1612 Tum
292 1575 411 1625 pudor
428 1575 588 1612 incendit
610 1575 712 1618 vires,
740 1584 778 1611 et
797 1574 941 1611 conscia
960 1575 1098 1611 virtus:

171 1642 484 1692 Praecipitemque
511 1641 637 1679 Daren
657 1643 784 1679 ardens
803 1642 880 1692 agit
901 1655 1057 1691 aequore
1077 1649 1174 1686 toto,

170 1708 280 1746 Nunc
300 1708 428 1745 dextra
448 1708 669 1760 ingeminans
691 1709 799 1753 ictus,
821 1722 915 1745 nunc
932 1708 991 1744 ille
1010 1708 1162 1745 sinistra.

168 1774 250 1812 Nec
270 1788 382 1819 mora,
398 1788 462 1812 nec
478 1775 618 1825 requies
635 1790 644 1813 :
668 1790 774 1826 quam
791 1775 903 1813 multa
919 1775 1092 1826 grandine
1107 1774 1221 1812 nimbi·

168 1840 397 1879 Culminibus
416 1842 610 1892 crepitant,
631 1843 680 1880 sic
701 1843 818 1880 densis
837 1843 970 1879 ictibus
990 1842 1109 1885 heros,

169 1906 308 1944 Creber
327 1916 480 1958 utraque
500 1923 620 1954 manu,
640 1910 760 1960 pulsat
780 1919 967 1959 versatque
988 1909 1143 1946 Dareta.

167 1973 270 2011 Tum
289 1983 393 2023 pater
411 1974 574 2019 Aeneas,
601 1977 795 2026 procedere
811 1975 954 2026 longius
973 1975 1055 2018 iras,

173 2039 227 2078 Et
247 2040 380 2077 saevire
399 2041 523 2078 animis
544 2042 731 2080 Entellum
753 2043 849 2079 haud
869 2056 992 2092 passus
1013 2042 1148 2079 acerbis
1163 2057 1181 2087 ς

169 2107 241 2144 Sed
263 2108 370 2145 finem
389 2108 562 2158 imposuit
583 2123 740 2161 pugnae,
763 2109 968 2159 fessumque
990 2110 1130 2146 Dareta

169 2174 333 2223 Eripuit,
353 2175 514 2214 mulcens
534 2176 643 2214 dictis
660 2192 670 2220 ;
700 2191 741 2214 ac
761 2177 845 2214 talia
865 2177 964 2214 fatur
981 2192 990 2214 ε

170 2238 299 2276 Infelix
319 2243 327 2278 !
360 2256 452 2291 quae
473 2252 574 2283 tanta
593 2244 751 2282 animum
770 2244 949 2282 dementia
967 2243 1065 2294 cepit
1080 2244 1097 2280 3-

226 2307 342 2346 Tom.
375 2309 431 2347 11.
759 2311 792 2348 C
