1455 2685
220 296 300 337 216
516 294 816 338 AENEIDO'S
872 296 949 335 XI.
1127 311 1162 335 v⁴
1180 300 1273 336 830.r

223 411 292 455 Et,
311 420 460 462 captum
480 410 569 456 leto,
587 412 711 462 posuit
730 421 857 461 caput,
878 424 975 448 arma
995 409 1199 460 relinquens
1218 425 1231 454 3·

223 478 385 528 Vitaque
405 492 488 516 cum
508 480 647 530 gemitu
667 479 766 530 fugit
784 478 974 529 indignata
993 477 1059 514 sub
1085 477 1243 513 umbras.

276 545 378 583 Tum
397 560 482 584 vero
502 547 695 583 immensus
716 559 866 596 surgens
881 544 966 582 ferit
985 558 1092 581 aurea
1111 543 1247 581 clamor

225 613 350 651 Sidera
367 629 378 658 3
407 614 547 665 dejecta
565 613 749 651 crudescit
767 627 893 664 pugna
913 611 1066 650 Camilla
1083 627 1093 657 3

224 681 422 718 Incurrunt
442 681 541 718 densi
562 680 667 717 simul
686 679 803 716 omnis
821 679 927 729 copia
946 680 1147 721 Teucrum,

222 746 483 797 Tyrrhenique
503 747 627 790 duces,
650 747 883 796 Evandrique
903 746 1069 784 Arcades
1088 745 1177 782 alae.

276 814 351 857 At,
372 813 518 852 Triviae
530 823 668 857 custos,
682 815 757 864 jam
773 813 912 848 dudum
926 812 961 848 in
977 812 1162 849 montibus
1177 810 1275 861 Opis*

223 881 323 918 Alta
344 881 444 918 sedet
464 880 623 924 summis,
643 888 858 929 spectatque
878 879 1042 916 interrita
1061 892 1216 930 pugnas.

224 949 357 998 thue
376 947 518 997 procul,
531 947 831 998 mediojuvenum
844 946 880 982 in
896 944 1053 982 clamore
1072 945 1276 989 furentum

225 1016 419 1065 Prospexit
439 1015 534 1052 tristi
555 1013 743 1051 multatam
763 1022 880 1050 morte
901 1012 1103 1056 Camillam,

225 1083 502 1133 hgemustque,
522 1081 699 1131 deditque
718 1081 782 1117 has
801 1080 874 1116 imo
895 1090 1045 1130 pectore
1066 1093 1171 1117 voces
1189 1095 1198 1117 ε

226 1150 316 1186 Heu
335 1152 342 1186 ἱ
377 1149 542 1193 nimiunn
559 1149 677 1200 virgo,
697 1148 847 1184 nimium
866 1146 1010 1184 crudele
1030 1146 1130 1183 luisti

225 1216 470 1266 Supplicium,
490 1218 659 1254 Teucros
679 1225 811 1252 conata
829 1213 999 1251 lacessere
1018 1213 1116 1250 bello
1135 1215 1144 1250 1

223 1285 304 1322 Nec
325 1284 392 1322 tibi
412 1285 574 1322 desertae
594 1284 628 1319 in
648 1282 766 1319 dumis
785 1280 939 1318 coluisse
954 1280 1114 1318 Dianam

223 1354 385 1397 Profuit,
414 1362 477 1390 aut
496 1360 635 1388 nostras
655 1351 808 1387 humero
828 1349 981 1400 gessisse
999 1348 1200 1398 pharetoes.

224 1422 308 1459 Non
328 1431 447 1458 tamen
467 1420 671 1456 indecorem
690 1426 754 1455 tua
773 1426 811 1454 te
822 1416 946 1467 regina
965 1415 1113 1465 reliquit

224 1490 404 1527 Extrema
417 1491 492 1540 jam
513 1488 548 1524 in
568 1496 685 1523 morte
704 1501 713 1531 ;
743 1498 860 1535 neque
883 1484 954 1521 hoc
971 1484 1046 1520 sine
1066 1482 1209 1520 nomine
1223 1481 1274 1519 le'-

223 1557 296 1593 Per
315 1556 435 1607 gentis
454 1555 522 1592 erit
540 1569 550 1598 ;
581 1562 645 1590 aut
664 1552 797 1589 famam
817 1551 965 1602 patieris
984 1550 1133 1588 inultae.
1170 1553 1272 1601 [tum

223 1623 333 1666 Nam,
354 1623 577 1672 quicumque
597 1630 703 1658 tuum
722 1618 869 1656 violavit
888 1617 1035 1655 vulnere
1054 1630 1201 1667 corpus,

222 1690 349 1728 Morte
369 1690 446 1726 luet
465 1688 604 1726 merita.
638 1687 725 1724 Fuit
744 1687 869 1737 ingens
885 1695 1008 1722 monte
1029 1686 1095 1722 sub
1116 1685 1192 1722 alto

226 1758 341 1808 Regis
362 1756 550 1795 Dercenni
568 1764 710 1792 terreno
730 1767 775 1790 ex
795 1766 929 1804 aggere
948 1754 1099 1790 bustum

221 1824 384 1874 Antiqui
405 1822 615 1865 Laurentis,
635 1828 824 1870 opacaque
842 1819 923 1857 ilice
945 1828 1110 1856 tectum:

222 1890 302 1928 Hic
321 1891 389 1928 dea
408 1904 446 1928 se
464 1889 621 1940 primum
640 1886 768 1937 rapido
788 1885 1030 1936 pulcherrima
1049 1885 1128 1921 nisu

224 1957 344 2001 Sistit,
363 1966 402 1995 et
421 1957 627 1994 Arruntem
646 1953 790 1992 tumulo
811 1951 1018 2003 speculatur
1036 1953 1081 1989 ab
1101 1951 1189 1988 alto.

222 2025 282 2062 Ut
302 2023 391 2060 vidit
411 2022 614 2074 fulgentem
633 2021 752 2065 armis,
770 2034 813 2058 ac
831 2033 920 2056 vana
934 2027 1136 2056 tumentem
1152 2034 1162 2063 ;

222 2092 312 2135 Cur,
333 2089 466 2140 inquit,
485 2089 645 2126 diversus
663 2087 766 2125 abis?
793 2086 866 2123 huc
887 2085 1004 2136 dirige
1024 2098 1202 2136 gressum,

224 2157 331 2201 Huc,
350 2156 524 2208 periture,
544 2155 650 2200 veni3
680 2154 803 2204 capias
823 2163 866 2190 ut
886 2153 996 2204 digna
1016 2151 1190 2189 Camillae

224 2224 398 2261 Praemia.
428 2223 541 2261 Tune
557 2222 669 2261 etiam
687 2221 768 2259 telis
788 2220 940 2258 moriere
960 2219 1107 2257 Dianae
1121 2218 1141 2255 ἓ·
