1455 2685
129 333 166 375 v.-
182 339 272 377 035.¹
434 333 736 372 A-ENEmos
794 333 874 372 xi.-
1103 318 1186 372 ‘209'

130 449 350 488 Semanimes
369 447 565 485 volvuntur
583 446 666 497 equi
684 461 694 485 ε
725 460 851 497 pugna
870 459 997 496 aspera
1017 446 1148 497 surgit.

129 516 346 554 Orsilochus
371 514 530 559 Remuli,
560 515 705 564 quando
725 513 846 563 ipsum
866 513 1037 550 horrebat
1066 513 1175 557 adire,

129 582 291 620 Hastam
311 582 455 620 intorsit
474 595 584 631 equo,
605 580 811 630 ferrumque
832 580 898 617 sub
912 593 996 616 aure
1013 579 1173 629 reliquit«¹

129 650 218 699 Quo
239 650 380 699 sonipes
398 648 475 685 ictu
496 646 585 684 furit
604 647 751 690 arduus,
779 646 924 697 altaque
939 649 1070 698 jactat,

128 716 297 754 Volneris
316 715 520 765 impatiens,
548 724 689 750 arrecto
709 722 861 763 pectore
881 727 987 750 crura
1004 729 1013 751 ε

129 783 303 821 Volvitur
321 782 392 826 ille,
418 794 606 824 excussUS,
635 780 750 817 humi.
809 779 965 818 Catillus
987 781 1105 825 Iolan‚

130 850 397 901 lugentemque
417 847 557 891 animis,
585 848 770 897 ingentem
791 861 944 897 corpore
963 856 1001 884 et
1021 847 1145 892 armis,

109 917 111 919 ’
129 916 272 969 Dejicit
294 915 550 954 Herminium:
583 915 683 951 nudo
703 914 760 950 cui
782 914 915 951 vertice
935 913 1033 951 fulva

129 983 327 1027 Caesaries,
355 981 516 1031 nudique
535 980 675 1017 humeri
692 997 703 1026 ;
732 995 798 1027 nec
818 980 961 1018 volnera
977 989 1112 1019 terrent
1130 997 1142 1027 ;

130 1050 275 1089 Tantus
290 1049 324 1086 in
339 1062 436 1086 arma
450 1056 565 1098 patet.
623 1047 744 1084 Latos
758 1047 843 1084 huic
859 1047 962 1084 hasta
976 1061 1041 1098 per
1060 1060 1179 1085 armos

131 1119 238 1155 Acta
257 1115 393 1160 tremit,
422 1114 662 1164 duplicatque
683 1113 797 1150 virum
817 1115 990 1152 transfixa
1009 1114 1150 1152 dolore.

132 1183 317 1222 Funditur
335 1192 412 1220 ater
432 1181 568 1231 ubique
587 1193 721 1219 cruor:
752 1181 842 1218 dant
862 1181 989 1229 funera
1009 1181 1106 1218 ferro

131 1251 339 1294 Certantes‚
352 1248 614 1300 pulchramque
630 1257 761 1298 petunt
778 1262 841 1298 per
854 1247 996 1284 volnera
1010 1256 1176 1286 mortem.

183 1317 245 1354 At
264 1316 398 1354 medias
417 1315 511 1352 inter
529 1315 656 1352 caedes
676 1314 836 1352 exsultat
852 1314 1042 1359 Amazon,

132 1384 262 1422 Unum
279 1391 421 1420 exserta
439 1381 533 1419 latus
554 1395 714 1433 pugnae,
741 1381 951 1431 pharetrata
970 1380 1122 1418 Camilla
1140 1396 1150 1418 ε

132 1453 187 1491 Et
207 1464 302 1489 nunc
320 1450 419 1488 lenta
438 1462 545 1486 manu
565 1462 737 1500 spargens
757 1448 897 1486 hastilia
917 1447 1044 1485 densat
1063 1461 1082 1494 5·

90 1560 93 1563 7
133 1520 243 1557 Nunc
263 1517 415 1555 validam
435 1516 566 1554 dextra
585 1516 679 1566 rapit
700 1515 878 1552 indefessa
892 1515 1098 1565 bipennem.

133 1587 282 1624 Aureus
301 1598 346 1622 ex
366 1584 518 1621 humero
538 1592 643 1621 sonat
663 1597 780 1628 arcus,
809 1591 846 1622 et
866 1595 963 1618 arma
984 1581 1138 1618 Dianae.

135 1652 203 1690 Illa
221 1652 347 1695 etiam,
376 1650 403 1687 si
425 1651 571 1701 quando
591 1650 625 1686 in
646 1659 792 1701 tergum
813 1648 918 1699 pulsa
938 1647 1099 1690 recessit,

135 1719 283 1771 Spicula
302 1728 475 1756 converso
496 1717 676 1769 fugientia
694 1715 824 1767 dirigit*
839 1729 938 1752 arcu.

133 1787 194 1824 At
214 1785 350 1823 circum
370 1784 484 1821 lectae
504 1783 669 1827 commea,
699 1782 908 1832 Larinaque
929 1780 1048 1834 virgo,

133 1852 332 1902 Tullaque,
350 1859 402 1895 et,
421 1858 577 1888 aeratam
597 1850 776 1900 quatiens,
804 1848 982 1899 Tarpeia,
1003 1853 1187 1893 securem,·'

134 1919 310 1964 Italide53
339 1929 429 1968 quas
448 1917 524 1967 ipsa
545 1917 655 1954 decus
675 1915 742 1954 sibi
763 1916 821 1953 dia
842 1914 996 1954 Camilla

134 1985 303 2037 Delegit,
330 1983 502 2035 pacisque
522 1984 648 2027 bonas,
678 1983 850 2034 bellique,
880 1982 1088 2019 ministras:

135 2054 272 2104 Quales
291 2051 501 2095 Threiciae,
529 2063 611 2088 cum
634 2051 781 2088 flumina
801 2048 1093 2086 Thermodontis

137 2110 302 2163 pulsant,
328 2127 366 2157 et
386 2119 494 2169 pictis
515 2118 710 2161 bellantur,
740 2118 968 2159 Amazones,
996 2115 1101 2152 armis
1116 2130 1133 2160 ς’

138 2190 211 2240 Seu
231 2186 367 2223 circum
381 2185 631 2236 Hippolyten,
652 2198 711 2222 scu
733 2197 846 2234 quum
867 2197 902 2221 sc
924 2181 1060 2220 Martia
1075 2195 1184 2221 curru

139 2251 364 2291 Penthesilea
383 2251 506 2297 refert,
537 2265 744 2303 magnoque
765 2250 925 2288 ululante
946 2247 1108 2288 tumultu

193 2319 231 2357 '1²
234 2333 304 2358 owr.
338 2319 393 2358 112
666 2317 705 2354 D
735 2317 758 2352 d
