1455 2685
167 297 201 320 v.
219 281 309 321 494.
494 282 793 323 AENEIDOS
849 285 901 322 X.
1145 288 1213 327 171

172 393 333 444 Largior
350 408 359 431 ς
391 393 488 430 haud
503 393 551 430 illi
572 394 721 432 stabunt
737 396 879 433 Aeneia
895 409 1005 445 parvo

170 461 360 511 Hospitia.
394 462 446 499 Et
467 461 568 499 laevo
590 461 719 511 pressit
739 462 845 511 pede,
864 462 949 499 talia
968 463 1078 508 fatus,

171 528 401 572 Exanimem,
422 528 561 578 rapiens
580 528 747 564 immania
765 528 925 578 pondera
943 529 1069 573 baltei,

170 596 465 645 Impressumque
485 594 584 633 nefas
602 611 613 641 3
644 609 714 632 una
734 595 800 632 sub
822 605 928 633 nocte
943 595 1060 648 jugali

167 663 282 701 Caesa
301 675 423 698 manus
438 664 612 713 juvenum
634 661 756 707 foede,
776 662 998 713 thalamique
1023 664 1183 702 cruenti:

175 731 281 780 Quae
302 729 442 767 Clonus
463 729 665 778 Eurytides
685 729 802 766 multo
824 730 1020 768 caelaverat
1039 745 1127 768 auro
1145 747 1154 770 ς

171 799 260 848 Quo
282 810 375 834 nunc
397 797 546 835 Turnus
565 805 650 833 ovat
671 796 803 846 spolio,
837 798 1046 848 gaudetque
1067 798 1219 848 potitus.

173 862 308 901 Nescia
327 877 425 900 mens
445 863 631 900 hominum
653 863 732 908 fati,
762 864 939 914 sortisque
959 864 1117 910 futurae,

172 929 225 967 Et
242 943 380 967 servare
400 930 562 974 modum,
582 931 690 967 rebus
710 930 852 968 sublata
873 931 1036 969 secundis
1056 934 1063 969 Ε

171 996 305 1035 Turno
323 1005 469 1046 tempus
489 997 572 1042 erit,
590 1011 721 1048 magno
737 1011 820 1035 cum
840 998 1024 1048 optaverit
1043 1006 1182 1035 emtum

173 1063 361 1100 Intactum
383 1063 561 1108 Pallanta,
581 1073 617 1101 et
638 1078 721 1101 cum
741 1063 855 1114 spolia
875 1065 956 1109 ista,
987 1064 1169 1115 diemque,

179 1129 326 1168 Oderit.
357 1129 418 1167 At
439 1130 526 1167 socii
546 1129 662 1168 multo
683 1130 823 1181 gemitu
849 1130 1090 1180 lacrimisque,

176 1197 398 1247 Impositum
418 1206 538 1240 scuto,
558 1196 718 1235 referunt
737 1197 901 1235 Pallanta
921 1196 1142 1246 frequentes.

170 1263 206 1301 Ο
228 1263 346 1308 dolor,
365 1272 475 1314 atque
495 1265 606 1302 decus
626 1279 814 1315 magnum,
835 1263 995 1301 rediture
1017 1264 1156 1313 parenti
1173 1267 1180 1300 Ξ

169 1329 279 1367 Haec
300 1339 337 1367 te
356 1330 472 1380 prima
486 1331 562 1367 dies
580 1330 678 1367 bello
694 1331 807 1375 dedit,
824 1331 913 1368 haec
931 1331 1055 1367 eadem
1075 1330 1193 1368 aufert
1212 1347 1222 1376 ;

177 1398 275 1436 Cum
294 1406 414 1435 tamen
436 1398 592 1449 ingentis
616 1398 840 1435 Rutulorum
860 1398 991 1448 linquis
1010 1412 1156 1436 acervos
1172 1401 1180 1435 !

229 1465 309 1502 Nec
325 1467 399 1516 jam
421 1464 514 1501 fama
535 1465 618 1501 mali
638 1466 743 1509 tanti,
766 1466 826 1501 sed
841 1465 974 1502 certior
992 1473 1121 1501 auctor

172 1531 343 1569 Advolat
365 1531 529 1575 Aeneae,
551 1531 650 1568 tenui
671 1531 874 1568 discrimine
893 1531 957 1568 leti

174 1599 267 1636 Esse
288 1612 371 1635 suos
390 1613 401 1644 ;
423 1606 580 1648 tempus,
600 1597 708 1634 versis
729 1611 936 1634 succurrere
958 1597 1127 1635 Teucris.

173 1664 345 1702 Proxima
364 1678 528 1714 quaeque
544 1665 647 1702 metit
659 1664 797 1716 gladio,
818 1664 1005 1714 latumque
1019 1679 1082 1714 per
1094 1678 1221 1716 agmen

173 1731 323 1769 Ardens
344 1730 494 1768 limitem
515 1732 591 1782 agit
612 1731 733 1777 fcrr03
764 1741 813 1775 te,
839 1731 980 1775 Turne,
1006 1732 1201 1781 superbum

174 1798 295 1837 Caede
316 1811 421 1843 nova,
442 1812 629 1848 quaerens.
662 1798 793 1842 Pallas,
817 1798 1000 1841 Evander,
1032 1798 1066 1834 in
1088 1797 1174 1847 ipsis

173 1864 309 1902 Omnia
328 1873 409 1901 sunt
431 1864 565 1910 oculis;
587 1878 740 1909 mensae,
762 1878 851 1915 quas
871 1865 1005 1901 advena
1025 1864 1157 1914 primas

172 1931 283 1970 Tunc
303 1931 404 1976 adiit,
434 1931 655 1981 dextraeque
676 1931 794 1968 datae.
827 1930 1000 1967 Sulmone
1020 1939 1161 1967 creatos

175 1999 347 2048 Quatuor
366 1998 424 2035 hic
441 2000 589 2049 juvenes
606 2013 616 2042 ;
647 1997 816 2041 totidem,
833 2011 925 2047 quos
940 1997 1071 2033 educat
1095 1996 1227 2042 Ufens,

175 2064 340 2102 Viventis
360 2065 470 2114 rapit,
501 2063 645 2101 inferias
666 2077 757 2115 quos
776 2063 939 2100 immolet
960 2063 1109 2107 umbris,

179 2131 413 2181 Captivoque
433 2131 514 2182 rogi
535 2130 731 2181 perfundat
753 2130 928 2181 sanguine
949 2130 1120 2166 flammas.

230 2197 322 2235 Inde
339 2197 458 2250 Mago
473 2197 602 2248 procul
619 2197 796 2234 infensam
812 2197 1048 2234 contenderat
1063 2196 1202 2236 hastam
1218 2211 1227 2234 ;

658 2264 695 2300 Y
726 2266 750 2300 ‘2
