1455 2685
177 316 252 356 152
455 311 755 354 AENEIDOS
812 312 887 355 IX.
1070 331 1103 354 v.
1123 316 1214 358 7982

175 428 426 478 Improperata
447 428 569 473 refert,
598 438 635 466 et
656 443 754 467 mens
773 437 960 466 exaestuat
976 428 1038 465 ira.

175 495 275 544 Quin
294 494 402 531 etiam
421 495 474 532 bis
494 504 572 532 tum
593 495 728 532 medios
747 494 922 532 invaserat
941 495 1063 532 hostes
1081 509 1092 540 ς

175 561 238 599 Bis
257 560 404 598 confusa
425 561 515 612 fuga
534 575 597 613 per
617 575 736 598 muros
756 561 899 613 agmina
920 560 1040 598 vertit.

177 628 250 665 Sed
269 641 392 664 manus
411 642 430 664 e
450 628 574 664 castris
593 642 747 678 propere
767 629 841 665 coit
861 627 974 664 omnis
993 628 1027 664 in
1047 640 1157 664 unum
1173 641 1184 664 :

175 694 256 731 Nec
276 704 399 730 contra
422 694 511 731 vires
531 695 641 732 audet
663 695 829 733 Saturnia
848 696 946 732 Juno

177 762 350 799 Sufficere
370 777 379 807 ς
409 762 539 799 aeriam
559 761 662 798 coelo
682 775 764 798 nam
784 761 928 811 Jupiter
948 761 1038 799 Irim·

174 829 348 872 Demis‘it,
369 842 559 880 germanae
578 828 676 864 haud
696 827 926 879 molliajussa
945 827 1133 871 ferentem,

174 895 225 932 Ni
244 895 393 932 Turnus
413 895 518 932 cedat
540 894 770 931 Teucrorum
791 894 975 930 moenibus
995 893 1089 931 altis.

174 962 280 1012 Ergo
300 975 365 998 nec
385 961 502 1011 clipeo
518 961 657 1012 juvenis
677 960 867 997 subsistere
885 969 1042 1004 tantum,

173 1027 254 1065 Nec
274 1028 415 1072 dextra,
444 1027 562 1065 valet:
592 1027 732 1079 injectis
752 1027 800 1063 sic
821 1026 980 1076 undique
1000 1026 1083 1062 telis

174 1093 370 1131 Obruitur.
403 1094 542 1143 Strepit
562 1094 705 1130 assiduo
726 1106 812 1130 cava
831 1102 997 1142 tempora
1015 1092 1150 1128 circum

173 1160 326 1197 Tinnitu
347 1160 461 1210 galea,
482 1169 518 1197 et
539 1161 631 1197 saxis
652 1160 766 1197 solida
785 1173 865 1196 aera
883 1158 1055 1195 fatiscunt
1074 1173 1085 1204 ;

173 1226 442 1276 Discussaeque
457 1227 566 1278 jubae
585 1226 695 1276 capiti
712 1242 723 1272 ;
753 1240 817 1263 nec
847 1225 978 1262 sufficit
998 1225 1108 1262 umbo

173 1292 316 1329 Ictibus
334 1308 343 1330 ε
374 1293 596 1344 ingeminant
616 1293 728 1330 hastis
747 1302 785 1330 et
805 1293 925 1330 Troes
944 1301 981 1329 et
1000 1292 1075 1342 ipse

174 1358 383 1396 Fulmineus
405 1360 633 1398 Mnestheus.
663 1359 765 1397 Tum
785 1369 867 1396 toto
887 1374 1041 1409 corpore
1061 1360 1170 1396 sudor

173 1424 363 1474 Liquitu1·,
383 1435 420 1462 et
441 1426 584 1476 piceum
609 1427 694 1479 (nec
715 1426 887 1476 respirare
905 1426 1090 1477 potestas)

173 1491 325 1529 Flumen
346 1494 423 1544 agit
443 1510 452 1539 ;
482 1493 594 1530 fessos
614 1493 732 1543 quatit
748 1507 829 1530 acer
847 1493 1027 1530 anhelitus
1046 1503 1157 1531 artus.

172 1557 274 1595 Tum
295 1559 437 1596 demum
458 1574 630 1611 praeceps
651 1559 743 1598 saltu
765 1574 838 1598 sese
858 1561 1023 1597 omnibus
1043 1560 1148 1597 armis

174 1625 218 1662 In
239 1626 386 1663 fluvium
405 1628 529 1666 dedit:
558 1627 618 1664 ille
638 1642 702 1665 suo
723 1642 806 1665 cum
827 1629 976 1679 gurgite
997 1629 1090 1665 flavo

171 1692 338 1742 Accepit
358 1693 570 1738 venientem,
591 1708 632 1732 ac
653 1695 819 1732 mollibus
839 1694 976 1732 extulit
1001 1695 1102 1731 undis
1121 1710 1131 1740 ς

174 1760 228 1798 Et
246 1759 380 1798 laetum
403 1761 520 1807 sociis,
541 1761 664 1799 abluta
683 1762 805 1806 caede,
825 1762 971 1798 remisit.

869 2165 908 2201 Ρ.
941 2160 1210 2203 VIRGILII‘,
