1455 2685
183 390 219 415 v.
237 379 327 416 883.
478 374 780 414 AENEIDOS
838 377 937 414 XII.
1157 378 1230 416 251

187 489 246 526 Te
267 489 354 532 sine,
375 487 499 532 frater,
519 489 586 525 erit
604 489 616 526 ἓ
646 486 681 525 Ο
704 501 794 538 quae
815 487 900 524 satis
919 486 991 524 alta
1012 487 1177 525 dehiscat

187 555 305 593 Terra
325 556 424 599 mihi,
445 555 639 605 Manisque
658 555 762 592 deam
782 554 951 591 demittat
970 554 1015 590 ad
1036 554 1150 592 imos!

186 621 352 659 Tantum
371 622 493 665 effata,
522 630 635 671 caput
653 621 787 672 glauco
807 620 973 658 contexit
993 621 1143 664 amictu,

187 688 311 726 Multa
330 702 490 740 gemens),
510 698 547 725 et
567 702 602 725 se
624 688 732 739 fluvio
752 689 819 725 dea
838 688 1000 725 condidit
1020 687 1107 726 alto.

239 754 388 792 Aeneas
409 754 518 791 instat
537 762 678 798 contra,
697 753 881 804 telumque
908 764 1075 791 coruscat

189 821 324 871 Ingens
337 821 586 864 arboreum‚et
597 835 701 858 saevo
714 821 763 859 sic
778 831 926 871 pectore
940 820 1049 858 fatur:
1061 822 1235 871 [tractas?

184 887 293 936 Quae
308 901 401 924 nunc
419 887 546 924 deinde
563 901 663 924 mora
675 897 729 924 est
739 888 752 925 ἓ
763 896 826 924 aut
840 888 929 937 quid
938 887 1235 938 jam,Turne,re-

148 982 158 990 ,
187 953 273 991 Nou
294 967 416 997 cursu,
437 953 547 991 saevis
563 954 776 991 certandum
791 963 846 990 est
867 954 1068 991 comminus
1087 954 1205 991 armis.

186 1021 302 1058 Verte
322 1021 437 1058 omnis
456 1030 531 1058 tete
552 1021 586 1057 in
607 1021 741 1066 facie53
761 1030 797 1058 et
819 1022 1005 1066 contrahe,
1026 1022 1206 1072 quidquid

189 1087 273 1124 Sive
292 1088 429 1132 animis,
451 1087 522 1124 sive
543 1097 634 1131 arte,
664 1087 757 1124 vales
776 1105 786 1133 ;
815 1097 906 1138 opta
925 1089 1035 1125 ardua
1054 1089 1180 1139 pennis

187 1154 306 1191 Astra
325 1155 439 1204 sequi,
460 1154 694 1204 clausumque
715 1168 802 1191 cava
822 1164 858 1191 te
878 1156 1033 1192 condere
1053 1166 1162 1193 terra.

188 1220 271 1265 Ille,
291 1230 405 1271 caput
425 1235 595 1272 quassans
613 1237 622 1259 ε
651 1222 737 1259 Non
758 1235 814 1258 me
831 1230 893 1258 tua
912 1221 1049 1259 fervida
1069 1232 1207 1259 terrent

187 1288 319 1332 Dicta,
338 1288 441 1325 ferox
460 1303 470 1325 ε
500 1288 537 1326 di
558 1301 614 1324 me
634 1296 786 1332 terrent,
814 1297 852 1325 ct
871 1289 1017 1338 Jupiter
1035 1289 1164 1326 hostis.

241 1353 321 1391 Nec
342 1354 446 1404 plura
464 1354 594 1392 effatus
615 1369 740 1392 saxum
760 1354 1006 1404 circumspicit
1026 1355 1166 1407 ingens,

187 1421 326 1458 Saxum
340 1421 697 1473 antiquum,ingens;
714 1435 843 1469 campo
857 1422 957 1471 quod
970 1421 1231 1473 fortejacebat,

186 1487 312 1524 ‚Limes
330 1501 420 1539 agro
436 1488 588 1538 positus,
608 1489 709 1526 litem
730 1498 771 1525 ut
791 1489 1009 1526 discerneret
1029 1489 1120 1526 arvis
1140 1505 1150 1528 :

186 1553 260 1591 Vix
280 1553 370 1591 illud
389 1554 475 1592 lecti
495 1555 549 1592 bis
569 1569 630 1592 sex
652 1556 790 1593 cervice
811 1557 989 1600 subirent,

186 1620 319 1670 Qualia
338 1635 432 1658 nunc
453 1621 639 1658 hominum
662 1622 833 1672 producit
853 1637 1006 1672 corpora
1027 1622 1134 1660 tellus
1152 1639 1162 1669 ;

185 1688 268 1733 Ille,
290 1702 395 1725 manu
416 1697 561 1738 raptum
581 1689 736 1740 trepida,
755 1691 950 1740 torquebat
966 1690 1000 1726 iu
1021 1690 1177 1735 hostem,

184 1754 316 1792 Altior
333 1755 533 1806 insurgens,
553 1764 590 1792 et
610 1770 717 1793 cursu
737 1756 916 1800 concitus,
937 1756 1054 1794 heros.

187 1823 261 1860 Sed
280 1836 395 1873 neque
416 1832 621 1860 currentem
642 1837 679 1860 se
698 1837 762 1860 nec
782 1825 973 1876 cognoscit
989 1835 1147 1870 euntem,

185 1889 440 1928 Tollentemve
460 1904 565 1926 manu
582 1903 780 1940 saxumque
795 1891 947 1929 immane
967 1903 1171 1931 moventem
1186 1909 1198 1932 :

186 1957 319 1995 Genua
338 1956 476 2001 labant,
496 1956 638 2008 gelidus
658 1959 841 1995 concrevit
862 1958 998 2010 frigore
1015 1961 1172 2011 sanguis.

185 2024 286 2062 Tum
307 2022 398 2073 lapis
417 2024 493 2073 ipse
514 2025 591 2068 viri,
611 2038 763 2062 vacuum
786 2039 849 2075 per
867 2025 968 2062 inane
989 2025 1148 2071 volutus,

186 2089 266 2126 Nec
289 2090 444 2139 spatium
459 2092 569 2128 evasit
590 2100 723 2136 totum,
744 2092 979 2142 nce·pcrtulit
1004 2093 1132 2131 ictum.

187 2157 266 2200 Ac,
287 2156 384 2194 velut
404 2158 438 2194 in
459 2158 605 2203 somnis,
624 2158 749 2196 oculos
770 2160 831 2196 ubi
852 2160 1023 2212 languida
1045 2162 1172 2210 [Jit'ssSit

186 2223 309 2261 Nocte
329 2224 443 2273 quim,
465 2225 709 2276 nequidquam
722 2226 845 2263 avidos
859 2227 1053 2264 extendere
1072 2242 1196 2265 cursus

184 2289 290 2337 Velle
310 2290 482 2338 videmur,
501 2301 537 2329 et
556 2292 591 2330 in
611 2293 734 2331 mediis
753 2293 943 2332 conatibus
967 2295 1064 2343 aegri
