1455 2685
177 311 211 337 v.
229 299 318 336 353.
483 291 784 332 AENEIDOS
839 293 940 332 VII.
1180 295 1232 338 79

178 407 411 457 Innectitque
430 418 564 449 comas,
592 412 631 442 et
649 404 817 442 membris
835 403 997 442 lubricus
1012 415 1120 444 errat.

175 475 256 518 Ac,
285 474 371 512 dum
391 471 506 523 prima
523 470 614 516 lues,
642 471 716 508 udo
737 470 905 521 sublapsa
925 486 1076 517 veneno,

177 541 370 580 Pertentat
389 553 524 583 sensus,
552 547 663 588 atque
681 538 822 575 ossibus
841 537 1004 588 implicat
1023 539 1159 590 ignem,

177 607 348 647 Necdum
367 606 503 643 animus
522 613 606 642 toto
625 603 790 654 percepit
809 613 956 656 pectore
976 605 1157 643 flammam
1172 622 1184 652 3

178 672 346 717 Mollius,
364 680 402 710 et
421 671 530 708 solito
549 680 706 708 matrum
725 671 770 708 de
790 685 902 716 more,
930 671 1054 709 locuta
1073 682 1142 718 est,

175 737 300 778 Multa
313 752 420 789 super
431 746 516 776 nata
527 737 729 782 lacrimans,
744 737 989 789 Phrygiisque
1004 738 1224 788 hymenaeis:

177 806 426 844 Exsulibusne
444 806 553 843 datur
570 805 737 842 ducenda
757 804 911 842 Lavinia
931 804 1100 849 Teucris,

175 873 212 911 O
234 872 379 924 genitor
397 874 405 910 !
439 885 505 909 nec
526 881 563 909 te
582 871 727 908 miseret
747 880 939 921 nataeque,
967 872 1123 922 tuique?

173 940 255 978 Nec
274 939 397 977 matris
416 937 574 983 miseret,
595 951 702 988 quarn
719 938 838 988 primo
858 938 1025 988 aquilone
1046 938 1225 989 relinquet

173 1005 354 1051 Perfidus,
382 1005 456 1042 alta
475 1016 617 1055 petens,
646 1006 807 1042 abducta
826 1005 977 1056 virgine,
997 1006 1162 1056 praedo?

173 1071 233 1109 At
249 1086 319 1109 non
337 1071 387 1110 sic
406 1072 592 1124 Phrygius
604 1081 772 1123 penetrat
793 1072 1072 1110 Lacedaemona
1085 1082 1224 1123 pastor,

171 1138 430 1189 Ledaeamque
459 1138 640 1176 Helenam
661 1139 697 1176 T
702 1141 840 1190 rojanas
861 1139 957 1176 vexit
978 1140 1023 1176 ad
1044 1139 1163 1176 urbes.

171 1205 275 1255 Quid
295 1215 359 1243 tua
378 1214 500 1242 sancta
519 1205 606 1242 fides
622 1206 635 1242 ?
675 1205 765 1255 quid
783 1219 871 1242 cura
890 1205 1039 1255 antiqua
1060 1214 1222 1251 tuorum,

173 1272 228 1309 Et
247 1272 520 1324 consanguineo
540 1272 649 1309 toties
668 1272 754 1309 data
772 1272 923 1309 dextera
943 1271 1073 1308 Turno
1091 1272 1104 1309 ?

177 1340 217 1379 Si
236 1353 348 1391 gener
367 1348 516 1377 externa
535 1339 675 1390 petitur
693 1340 737 1376 de
757 1348 867 1389 gente
888 1338 1047 1383 Latinis,

171 1406 290 1456 quue
309 1406 424 1448 sedet,
447 1405 636 1455 Faunique
656 1414 825 1455 premunt
846 1416 882 1442 te
896 1407 996 1456 jussa
1017 1406 1174 1455 parentis
1192 1422 1203 1452 ;

170 1473 328 1510 Omnem
347 1472 515 1522 equidem
527 1472 681 1522 sceptris
696 1481 828 1508 terram
843 1486 934 1522 quae
954 1472 1065 1511 libera
1085 1473 1218 1511 nostris

169 1538 351 1583 Dissidet,
380 1548 568 1577 externam
588 1552 683 1582 reor,
711 1549 749 1575 et
769 1539 819 1575 sic
839 1538 958 1576 dicere
979 1539 1080 1577 divos
1097 1555 1108 1579 2

169 1606 223 1643 Et
243 1605 388 1650 Turno,
418 1606 444 1644 si
465 1606 578 1656 prime.
598 1605 726 1642 domus
746 1614 934 1655 repetatur
952 1606 1072 1657 origo,

169 1673 329 1710 Inachus
348 1672 590 1724 Acrisiusque
611 1682 746 1723 patres,
775 1672 983 1722 mediaeque
1005 1673 1196 1723 Mycenae.

222 1738 297 1777 His
317 1738 379 1777 ubi
399 1739 645 1790 nequidquam
665 1739 771 1777 dictis
790 1747 943 1789 experta
963 1739 1140 1796 Lati-num

167 1806 308 1844 Contra
327 1814 421 1844 stare
442 1806 553 1850 videt,
583 1808 800 1856 penitusque
820 1806 854 1842 in
875 1807 1007 1844 viscera
1026 1806 1165 1857 lapsum

167 1873 353 1923 Serpentis
371 1873 500 1912 furiale
519 1873 665 1918 malum,
695 1882 885 1924 totamque
905 1884 1066 1924 pererrat
1083 1891 1093 1920 ;

165 1939 266 1978 Tum
284 1953 368 1977 vero
388 1939 526 1987 infelix,
556 1940 764 1992 ingentibus
783 1941 903 1978 excita
924 1941 1104 1986 monstris,

165 2005 380 2043 Immensam
400 2006 473 2043 sine
493 2020 590 2044 more
606 2007 696 2045 furit
715 2007 905 2058 lymphata
923 2021 987 2057 per
1006 2008 1129 2045 urbem
1145 2023 1156 2046 =

163 2073 243 2112 Ceu
263 2075 449 2124 quondam
468 2084 568 2112 torto
590 2075 742 2112 volitans
761 2076 828 2112 sub
850 2075 994 2112 verbere
1014 2078 1137 2120 turbo,

164 2143 284 2190 Quem
302 2142 420 2192 pueri,
449 2156 582 2194 magno
600 2142 635 2180 in
656 2157 765 2194 gyro,
794 2156 904 2180 vacua
923 2143 1013 2180 atria
1033 2144 1181 2189 circum,

168 2207 308 2245 Intenti
327 2207 430 2254 ludo,
457 2219 652 2247 exercent:
682 2209 739 2247 ille
759 2219 862 2265 actus
882 2210 1020 2247 habena
