1455 2685
187 304 265 340 ³16
316 355 319 358 Ι
454 300 754 341 AENEmOS
811 302 932 340 V111.
1092 318 1125 342 v.
1143 307 1232 344 551.

190 411 343 451 Dantur
360 412 444 462 equi
465 411 619 450 Teucris
639 414 833 463 Tyrrhena
846 413 1053 463 petentibus
1072 427 1153 451 arva
1171 429 1180 452 :

189 479 347 516 Ducunt
366 489 546 517 exsortem
568 480 716 517 Aeneae
735 495 744 525 ;
775 494 881 530 quem
902 479 1000 516 fulva
1018 480 1130 517 leonis

191 545 300 582 Pellis
320 546 396 583 obit
418 556 552 591 totum,
581 546 813 597 praefulgens
835 547 1018 597 unguibus
1037 548 1164 583 aureis.

243 611 355 649 Fama
375 612 486 656 volat,
506 625 650 662 parvam
673 613 791 649 subito
812 612 958 663 volgata
978 627 1043 663 per
1063 613 1203 659 urbem,

190 678 306 716 Ocius
325 679 376 716 ire
394 679 534 729 equites
550 680 734 729 Tyrrheni
755 680 799 716 ad
815 679 934 716 limina
955 680 1062 731 regis.

188 745 291 782 Vota
310 754 408 782 metu
428 746 617 796 duplicant
637 755 781 790 matres,
802 746 1025 797 propiusque
1045 747 1182 797 periclo

190 811 230 848 It
249 811 394 855 Timor,
423 821 460 850 et
481 815 594 864 major
614 812 746 850 Martis
762 815 835 864 jam
857 823 1009 863 apparet
1029 814 1162 865 imago.

189 877 290 915 Tum
310 888 414 928 pater
435 879 638 924 Evandrus,
663 879 826 916 dextram
847 879 1059 930 complexus
1078 880 1210 924 euntis,

189 945 345 984 Haeret,
375 945 597 996 inexpletum
616 946 802 984 lacrimans
821 962 830 992 3
861 961 902 983 ac
921 946 1006 983 talia
1024 947 1122 984 fatur
1139 962 1148 984 τ

243 1013 279 1050 O
297 1016 304 1050 ἔ
330 1013 416 1049 mihi
436 1014 648 1062 praeteritos
668 1013 796 1050 referat
819 1013 846 1049 si
866 1013 1012 1063 Jupiter
1029 1022 1164 1058 annos3

188 1079 318 1130 Qualis
333 1094 443 1123 eram,
465 1094 577 1130 quum
598 1081 749 1130 primam
765 1079 877 1116 aciem
892 1080 1086 1117 Praeneste
1102 1082 1167 1117 sub
1185 1081 1237 1131 ip-

190 1146 325 1190 Stravi,
346 1156 602 1197 scutorumque
623 1146 764 1183 incendi
783 1147 901 1183 victor
919 1160 1079 1190 acervos,
1176 1151 1236 1198 [sa

189 1212 244 1250 Et
264 1227 385 1264 regem
406 1214 474 1250 hac
495 1213 666 1250 Herilum
687 1214 816 1250 dextra
835 1213 902 1250 sub
923 1213 1079 1250 Tartara
1097 1213 1175 1250 misi
1193 1230 1203 1259 ;

188 1279 362 1318 Nascenti
383 1280 440 1316 cui
461 1280 525 1316 tris
545 1280 676 1316 animas
698 1280 852 1317 Feronia
872 1289 999 1323 mater,

188 1344 428 1383 Hori-endum
447 1346 549 1383 dictu
566 1349 573 1384 l
599 1346 761 1390 dederat,
776 1355 878 1383 terna
898 1359 994 1382 arma
1009 1348 1182 1383 movenda
1198 1363 1208 1392 3

187 1411 268 1449 Ter
285 1411 360 1449 leto
381 1413 593 1449 sternendus
612 1422 687 1450 erat
704 1429 713 1457 ;
743 1413 802 1450 cui
822 1421 910 1449 tunc
927 1422 1045 1449 tamen
1067 1414 1182 1450 omnis

186 1478 361 1516 Abstulit
380 1479 470 1516 haec
486 1479 618 1516 animas
632 1481 771 1523 dextra,
784 1488 820 1516 et
833 1479 985 1516 totidem
999 1480 1099 1517 exuit
1114 1482 1233 1519 armis:

188 1545 274 1583 Non
295 1559 366 1596 ego
385 1560 480 1582 nunc
501 1544 597 1582 dulci
617 1545 785 1595 amplexu
810 1544 996 1582 divellerer
1019 1559 1182 1595 nsquam,

187 1612 299 1656 Nate,
320 1622 386 1649 tuo
405 1628 415 1656 ;
445 1626 561 1662 neque
581 1612 755 1649 finitimus
776 1611 986 1649 Mezentius
1007 1627 1171 1663 usquam,

187 1678 293 1716 Huic
312 1678 423 1729 capiti
441 1678 627 1723 insultans,
656 1688 715 1716 tot
735 1678 830 1715 ferro
851 1693 952 1716 saeva
972 1680 1129 1717 dedisset

188 1745 343 1788 Funera,
364 1754 437 1782 tam
458 1745 580 1782 multis
600 1746 779 1782 viduasset
799 1745 936 1783 civibus
957 1747 1095 1783 urbem.

185 1812 248 1851 At
269 1826 344 1857 vos,
373 1827 394 1849 o
417 1812 549 1862 Superi
569 1815 576 1850 Ε
609 1822 647 1850 et
667 1813 787 1849 divom
808 1822 850 1850 tu
871 1813 1024 1850 maxime
1042 1822 1164 1851 rector

183 1880 352 1930 Jupiter!
386 1880 555 1924 Arcadii,
584 1893 733 1930 quaeso,
754 1879 972 1916 miserescite
992 1880 1101 1931 regis,

184 1945 240 1985 Et
259 1946 394 1996 patrias
413 1946 535 1983 audite
555 1961 679 1996 preces
695 1962 704 1984 ε
738 1947 776 1984 Si
797 1947 943 1983 numina
958 1956 1075 1983 vestra

185 2012 412 2050 Incolumem
434 2012 599 2050 Pallanta
620 2013 720 2057 mihi,
750 2013 778 2050 si
800 2012 875 2050 fata
894 2022 1089 2057 reservant,

186 2079 226 2117 Si
247 2078 386 2116 visurus
405 2093 488 2116 eum
509 2080 602 2124 vivo,
622 2089 659 2117 et
681 2090 851 2117 venturus
871 2080 905 2116 in
926 2093 1064 2125 unum;

185 2143 311 2181 'Vitam
332 2159 397 2182 oro
416 2160 424 2182 :
456 2146 574 2196 patiar
594 2145 756 2196 quemvis
777 2146 905 2183 durare
924 2145 1096 2182 laborem.

187 2211 253 2249 Sin
270 2212 425 2263 aliquem
446 2212 632 2250 infandum
653 2226 789 2257 casum,
811 2212 988 2258 Fortuna,
1012 2212 1181 2257 minaris;
