1455 2685
237 314 316 352 202
526 302 830 354 AENEIDOS
887 311 963 353 XI.
1148 332 1180 356 v.
1199 320 1289 357 4351.

234 424 422 477 Factaque
442 425 599 463 Volcani
621 427 785 464 manibus
806 426 905 477 paria
926 428 1051 465 induat
1073 442 1184 473 arma,

233 493 302 530 ille
321 494 420 531 licet.
453 494 572 531 Vobis
593 494 747 530 animam
767 494 874 539 ha'nc,
897 510 1097 546 soceroque
1119 496 1273 542 Latino,

232 561 384 599 Turnus
404 576 488 613 ego,
510 561 606 598 haud
630 560 693 598 ulli
715 572 875 599 veterum
899 563 1032 600 virtute
1053 565 1248 609 secundus,

229 628 390 666 Devovi.
424 627 550 666 Solum
575 629 721 666 Aeneas
744 639 859 666 vocat.
894 630 945 666 Et
964 641 1068 667 vocet
1089 645 1153 667 oro
1173 646 1182 668 ε

230 695 311 733 Nec
332 695 499 732 Drances
520 695 657 745 potius,
678 695 749 732 sive
769 705 824 733 est
845 696 934 733 haec
956 697 1006 733 ira
1027 697 1192 742 deorum,

229 761 357 803 Morte
377 761 452 798 luat
472 778 481 807 ;
512 763 582 798 sive
601 771 656 799 est
676 762 790 799 virtus
811 771 848 800 et
868 763 1002 814 gloria,
1034 764 1156 801 tollat.

283 828 344 865 Illi
363 828 451 865 haec
471 829 565 865 inter
585 843 620 865 se
640 829 758 866 dubiis
779 830 822 866 de
844 831 952 867 rebus
973 831 1132 881 agebant

228 897 422 935 Certantes
440 911 449 940 ;
479 905 595 933 castra
616 896 778 941 Aeneas,
795 897 995 948 aciemque,
1017 899 1199 937 movebat.

228 963 391 1001 Nuntius
410 962 552 1013 ingenti
572 977 638 1013 per
657 963 757 1014 regia
775 972 875 1001 tecta
904 964 1068 1001 tumultu

226 1029 352 1068 Eece!
378 1030 462 1074 ruit,
483 1029 696 1080 magnisque
713 1029 837 1067 urbem
859 1031 1058 1068 terroribus
1077 1031 1230 1083 implet:

227 1098 437 1135 Instructos
457 1097 546 1140 acie,
568 1096 749 1134 Tiberino
770 1111 790 1134 a
811 1097 958 1135 flumine
979 1098 1164 1144 Teucros,

225 1163 532 1214 Tyrrhenamque
552 1163 712 1209 manum,
726 1164 823 1210 ‘totis
843 1165 1060 1203 descendere
1080 1166 1230 1218 campis.

225 1229 431 1281 Extemplo
452 1230 590 1268 turbati
611 1230 733 1276 animi,
753 1234 1005 1282 'concussaque
1026 1232 1124 1284 volgi

226 1297 397 1341 Pectora,
418 1307 455 1335 et
475 1306 635 1335 arrectae
656 1297 811 1336 stimulis
830 1298 930 1336 haud
950 1299 1120 1337 mollibus
1141 1299 1227 1337 irae.

222 1366 344 1404 Arma
356 1378 463 1402 manu
479 1365 614 1415 trepidi
630 1374 787 1416 poscunt
803 1381 814 1411 3
836 1365 958 1403 fremit
978 1369 1276 1418 armajuventus:

225 1433 335 1471 Flent
355 1432 496 1477 moesti,
516 1441 765 1482 mussantque,
779 1442 910 1483 patres.
943 1434 1021 1472 Hic
1037 1434 1197 1485 undique
1210 1435 1283 1473 cla-

223 1500 404 1538 Dissensu
424 1500 522 1536 vario
542 1513 694 1551 magnus
715 1513 750 1536 se
771 1499 870 1537 tollit
890 1500 924 1537 in
946 1513 1072 1539 auras:
1181 1505 1283 1553 [mor

223 1566 343 1605 Haud
363 1581 480 1610 secus,
500 1575 611 1616 atque
631 1566 706 1604 alto
726 1567 760 1603 in
782 1566 868 1604 luco
888 1581 971 1605 cum
993 1567 1090 1605 forte
1111 1577 1279 1607 catervae

222 1634 431 1673 Consedere
450 1634 582 1677 avium,
604 1633 794 1683 piscosove
813 1647 917 1671 amne
938 1634 1105 1672 Padusae

221 1702 327 1740 Dant
349 1701 507 1738 sonitum
528 1700 627 1737 rauci
648 1714 714 1750 per
733 1709 862 1752 stagna
881 1701 1052 1751 loquacia
1072 1702 1194 1752 cycni.

277 1769 411 1811 Immo,
432 1767 494 1810 ait,
515 1781 537 1803 o
557 1767 676 1804 cives!
711 1777 858 1817 arrepto
878 1777 1058 1818 tempore,
1086 1769 1250 1811 Turnus.

221 1836 359 1888 Cogite
379 1834 588 1878 concilium,
608 1843 646 1871 et
662 1848 789 1884 pacem
806 1834 953 1871 laudate
975 1835 1168 1873 sedentes:

222 1903 282 1941 Illi
303 1902 408 1940 armis
429 1902 461 1939 in
483 1914 594 1952 regua
613 1909 733 1937 ruant.
766 1901 847 1938 Nec
870 1900 973 1951 plura
993 1901 1143 1940 locutus

220 1969 411 2019 Corripuit
430 1982 518 2012 sese,
538 1977 575 2004 et
595 1967 702 2005 tectis
723 1968 818 2005 citus
833 1968 968 2005 extulit
989 1968 1083 2006 altis.

219 2037 298 2081 Tu,
325 2035 479 2078 Voluse‚
500 2035 626 2072 armari
646 2034 867 2073 Volscorum
889 2035 990 2072 edice
1011 2035 1178 2086 maniplis
1198 2052 1209 2082 ;

220 2105 324 2147 Duc,
338 2104 402 2147 ait,
417 2112 453 2139 et
472 2101 646 2140 Rutulos.
674 2096 865 2152 Equitem,
881 2102 1095 2152 Messapus,
1108 2104 1142 2140 iu
1157 2103 1277 2150 armis,

221 2173 274 2210 Et
296 2185 378 2208 cum
400 2169 511 2207 fratre
532 2171 661 2214 Coras,
681 2170 763 2207 latis
784 2169 979 2207 diffundite
999 2170 1149 2220 campis.

220 2239 308 2276 Pars
328 2238 446 2276 aditus
467 2238 565 2275 urbis
585 2237 742 2283 firment,
762 2247 956 2288 turresque
976 2246 1165 2288 capessant
1183 2250 1191 2274 ,ε
