1455 2685
165 320 199 355 ν’.
221 316 311 354 243ι
340 317 366 334 ⁰
459 311 764 351 AENEIDOS
820 311 946 353 V111.-
1017 328 1019 331 ¹
1149 308 1227 354 105³

161 427 247 466 Non
269 440 386 470 secus,
415 439 456 463 ac
477 425 506 462 si
526 439 597 476 qua
616 425 762 475 penitus
783 425 815 462 vi
836 434 931 462 terra
950 423 1142 463 dehiscens

162 493 327 532 Infernas
347 504 478 530 reseret
500 493 615 536 sedes,
644 501 683 529 et
702 505 814 542 regna
833 491 999 529 recludat

161 561 316 605 Pallida,
336 561 390 598 dis
410 560 534 603 invisa,
557 573 737 609 superque
759 559 913 596 immane
933 559 1145 599 barathrum

161 627 356 671 Cernatui·‚
376 627 634 676 trepidentque
654 625 813 662 immisso
831 625 966 663 lumine
988 626 1131 664 Manes.

163 693 284 744 Ergo,
303 693 484 743 insperata
503 693 718 742 deprensum
737 692 772 728 in
793 691 874 729 luce
893 702 1055 742 repente,

163 759 423 809 Inclusumque
443 772 532 795 cavo
553 772 654 802 saxo,
674 766 784 807 atque
805 757 946 804 insueta
966 758 1170 804 rudentem,

161 827 336 876 Desuper
356 825 510 863 Alcides
531 825 611 863 telis
631 826 779 876 premit,
808 826 1001 876 omniaque
1021 839 1118 863 arma

162 895 355 937 Advocat,
373 903 410 930 et
430 893 537 930 ramis
558 893 737 943 vastisque
757 892 951 930 molaribus
971 893 1095 931 instat.

164 961 232 998 Ille
253 970 388 1005 autem,
409 975 526 1011 neque
541 960 635 997 enim
655 959 744 1010 fuga
758 961 833 1011 jam
853 973 961 1010 super
987 959 1060 996 ulla
1077 960 1219 1011 pericli,

164 1028 348 1066 Faucibus
368 1028 552 1078 ingentem
573 1026 727 1071 fumum,
750 1026 912 1064 mirabile
931 1027 1034 1065 dictu
1052 1030 1061 1066 !

164 1095 330 1139 Evomit‚
359 1095 582 1145 involvitque
602 1094 751 1131 domum
771 1093 928 1145 caligine
948 1109 1069 1141 caeca,

164 1163 407 1212 Prospectum
426 1162 577 1212 eripiens
592 1161 708 1199 oculis
726 1177 737 1206 ;
758 1162 1012 1212 glomeratque
1028 1164 1095 1200 sub
1110 1166 1217 1201 antro

165 1227 387 1266 Fumiferam
407 1237 565 1271 noctem,
586 1228 794 1264 commixtis
814 1227 896 1278 igne
916 1229 1088 1266 tenebris.

164 1295 251 1333 Non
272 1294 356 1331 tulit
376 1294 531 1331 Alcides
551 1293 689 1336 animis,
721 1306 828 1343 seque
849 1294 926 1343 ipse
945 1308 1010 1344 per
1028 1294 1150 1346 ignem

164 1360 361 1411 Praecipiti
379 1361 500 1411 injecit
519 1359 627 1403 saltu,
657 1374 729 1409 qua
748 1360 925 1410 plurimus
946 1361 1080 1399 undam

166 1428 304 1465 Fumus
324 1427 415 1477 agit,
444 1426 645 1476 nebulaque
664 1427 790 1477 ingens
811 1441 941 1476 specus
961 1437 1101 1466 aestuat
1123 1439 1214 1467 atra.

166 1494 246 1532 Hic
267 1493 406 1531 Cacum
425 1493 459 1530 in
480 1493 651 1538 tenebris,
674 1494 838 1531 incendia
855 1508 943 1531 vana
961 1505 1180 1542 vomentem,

165 1560 346 1610 Corripit,
366 1560 399 1596 in
421 1561 556 1597 nodum
576 1561 804 1611 complexus,
823 1571 861 1598 et
882 1561 982 1613 angit
1006 1562 1193 1600 inhaerens

168 1626 290 1664 Elisos
310 1626 450 1670 oculos,
471 1637 508 1664 et
530 1628 665 1665 siccum
686 1629 858 1680 sangnine
878 1638 1022 1680 guttur.

167 1693 348 1732 Panditur
367 1694 554 1744 extemplo
575 1694 713 1732 foribus
736 1697 864 1732 domus
883 1704 962 1732 atra
982 1696 1126 1733 revolsis
1143 1712 1156 1743 ;

167 1762 469 1810 Abstractaeque
488 1762 598 1799 boves
619 1763 874 1813 abjurataeque
893 1762 1038 1813 rapinae

170 1828 287 1866 Coelo
308 1830 563 1873 ostenduntur,
585 1830 810 1880 pedibusque
830 1829 981 1868 informe
1001 1831 1154 1869 cadaver

170 1895 416 1933 Protrahitur.
449 1895 647 1946 Nequeunt
667 1897 805 1946 expleri
825 1898 934 1934 corda
955 1899 1091 1935 tuendo

170 1962 364 2000 Terribilis
383 1962 523 2007 oculos,
552 1963 704 2006 voltum,
726 1964 923 2015 villosaque
943 1977 1027 2002 setis

171 2031 329 2068 Pectora
349 2030 519 2075 semiferi,
553 2040 663 2082 atque
683 2032 884 2070 exstinctos
904 2032 1070 2071 faucibus
1090 2034 1196 2086 ignis⁸

172 2098 233 2135 Ex
256 2097 315 2134 illo
336 2098 539 2136 celebratus
561 2100 687 2143 honos,
719 2099 874 2149 laetique
896 2100 1048 2137 minores

173 2166 363 2202 servavere
383 2165 476 2203 diem
494 2183 503 2211 3
536 2167 743 2218 primusque
768 2167 925 2204 Potitius
945 2179 1089 2213 auctor,

173 2232 225 2270 Et
248 2234 377 2270 domus
400 2234 578 2272 Herculei
597 2246 721 2273 custos
743 2235 883 2274 Pinaria
903 2235 993 2272 sacri

227 2301 343 2340 Tom.
374 2301 431 2338 11.
710 2301 745 2338 O
