1455 2685
192 259 269 301 102
454 260 756 300 AENEIDOS
813 260 937 299 V111.
1091 278 1125 302 v.
1146 259 1233 303 1592

187 373 369 413 Protenus
392 373 576 411 Arcadiae
596 373 737 424 gelidos
757 374 908 411 invisere
928 374 1020 413 finis.

185 443 288 480 Tum
309 441 396 478 mihi
415 441 530 491 prima
548 454 658 492 genas
672 440 829 478 vestibat
849 441 937 478 flore
951 443 1127 493 juventa3

183 508 423 558 Mirabarque
444 508 552 545 duces
572 507 756 551 Teucros,
777 508 930 544 mirabar
948 517 985 545 et
1009 508 1129 558 ipsum

183 574 522 613 Laomedontiaden
538 589 548 612 ε
579 574 642 611 sed
661 574 802 610 cunctis
822 573 928 611 altior
945 574 1022 611 ibat

182 642 382 680 Anchises.
413 641 511 679 Mihi
531 654 631 694 mens
645 640 803 692 juvenali
823 642 973 679 ardebat
993 656 1117 679 amore

182 709 415 759 Compellare
434 708 563 752 virum,
582 717 619 745 et
640 708 794 745 dextrae
808 711 1029 760 conjungere
1049 710 1230 746 dextram.

180 777 353 820 Accessi,
374 785 411 813 et
431 776 587 825 cupidus
609 775 746 813 Phenei·
765 775 831 812 sub
852 778 991 813 moenia
1010 776 1112 813 duxi.

182 844 251 881 Ille
270 843 358 880 mihi
378 843 557 894 insignem
579 841 800 892 pharetram,
831 842 1044 893 Lyciasque
1065 842 1231 892 sagittam,

179 911 400 951 Discedens,
422 909 729 960 chlamydemque
749 923 837 946 auro
856 910 957 947 dedit
981 910 1231 954 intertextam,

178 978 370 1028 Frenaque
383 977 479 1021 bina,
494 990 593 1013 meus
610 990 702 1027 quae
717 990 811 1014 nunc
824 977 949 1021 habet,
961 991 1081 1021 aurea,
1098 976 1230 1014 Pallas.

178 1044 286 1096 Ergo
306 1053 357 1088 et,
379 1058 488 1094 quam
509 1044 646 1094 petitis,
661 1046 792 1096 juncta
809 1053 865 1081 est
884 1043 972 1081 mihi
986 1043 1132 1081 foedere
1145 1043 1232 1081 dex-

176 1112 246 1157 Et‚
262 1113 326 1150 lux
343 1125 456 1162 quum
469 1110 625 1161 primum
638 1110 742 1148 terris
756 1124 794 1148 se
808 1110 962 1148 crastina
974 1112 1116 1156 reddet,
1135 1114 1230 1163 [t1·a;

175 1178 336 1217 Auxilio
356 1178 470 1215 laetos
490 1178 686 1222 dimittam,
715 1178 920 1228 opibusque
935 1178 1084 1229 juvabo.

177 1247 324 1283 Interea
344 1259 444 1283 sacra
462 1244 567 1288 haec,
588 1244 734 1294 quando
754 1244 825 1282 huc
841 1245 985 1282 venistis
1003 1244 1122 1289 amici,

174 1313 329 1357 Annua,
350 1325 443 1363 quae
463 1311 607 1349 differre
628 1311 741 1357 nefas,
762 1311 942 1350 celebrate
962 1311 1121 1349 faventes

173 1379 398 1423 Nobiscum,
417 1388 453 1417 et
469 1381 543 1431 jam
562 1393 659 1416 nunc
673 1379 852 1417 sociorum
872 1379 1066 1416 assuescite
1084 1379 1227 1418 mensis.

229 1447 337 1484 Haec
358 1446 421 1483 ubi
442 1446 556 1490 dicta,
573 1446 683 1496 dapes
697 1447 804 1497 jubet
823 1456 860 1483 et
880 1445 1021 1483 sublata
1046 1446 1174 1496 reponi

174 1513 328 1557 Pocula,
349 1513 612 1565 gramineoque
632 1512 727 1549 vix-os
747 1512 845 1550 locat
865 1512 943 1563 ipse
963 1512 1092 1559 sedili3

174 1580 492 1630 Praecipuumque
512 1589 612 1622 toro,
632 1589 669 1617 et
689 1578 805 1617 villosi
825 1580 919 1630 pelle
938 1579 1066 1624 leonis,

172 1646 331 1696 Accipit
351 1647 522 1691 Aenean,
542 1646 707 1697 solioque
721 1647 851 1685 invitat
870 1661 1012 1686 acerno.

172 1713 274 1751 Tum
292 1713 378 1750 lecti
391 1715 541 1764 juvenes
560 1714 740 1758 certatim,
759 1728 912 1764 araeque
936 1716 1118 1759 sacerdos,

170 1781 323 1818 Viscera
341 1788 440 1818 tosta
459 1780 580 1818 ferunt
597 1789 799 1824 taurorum,
822 1791 1046 1831 onerantque
1061 1781 1225 1819 canistris

170 1848 284 1887 Dona
302 1849 487 1887 laboratae
507 1849 665 1894 Cereris,
693 1849 954 1900 Bacchumque
977 1850 1194 1888 ministrant.

170 1917 346 1954 Vescitur
365 1918 530 1959 Aeneas,
550 1915 658 1953 simul
676 1926 713 1954 et
735 1917 895 1968 Trojana
910 1920 1097 1968 juventus,

171 1983 347 2034 Perpetui
368 1994 475 2036 tergo
494 1984 610 2028 bovis,
631 1994 669 2021 et
684 1983 893 2021 lustralibus
906 1984 1013 2022 extis.
1076 1985 1222 2035 [dendi,

224 2051 427 2101 Postquain
446 2060 588 2088 exsuita
609 2050 736 2094 fames,
756 2061 793 2088 et
814 2065 915 2088 amor
934 2064 1161 2100 compressus
1186 2065 1222 2088 e-

174 2119 256 2156 Rex
279 2119 469 2156 Evandrus
490 2119 540 2155 ait
558 2133 567 2156 ε
600 2118 687 2156 Non
708 2118 796 2156 haec
817 2118 1003 2156 sollemnia
1023 2119 1140 2163 nobis,

171 2183 254 2223 Has
275 2200 318 2223 ex
340 2200 440 2224 more
460 2187 584 2236 dapes,
604 2186 698 2224 lianc
718 2187 813 2224 tanti
832 2187 985 2224 numinis
1004 2200 1115 2230 aram,
