1455 2685
200 317 274 354 138
462 315 762 355 AENEIDOS
820 316 895 354 IX.
1099 331 1134 355 v.
1151 320 1243 356 408.

199 427 424 478 Suspendive
442 428 561 473 tholo,
589 437 653 466 aut
673 442 772 466 sacra
791 429 836 465 ad
855 427 997 479 fastigia
1019 428 1081 465 fixi
1100 444 1111 474 ;

196 495 313 534 Hunc
327 495 399 533 sine
412 510 467 532 me
480 496 625 533 turbare
637 495 802 546 globum,
817 504 854 532 et
868 510 953 546 rege
967 495 1038 533 tela
1051 510 1115 546 per
1126 509 1241 533 auras.

248 562 436 608 Dixerat;
465 571 514 606 et,
543 571 624 599 toto
644 562 821 600 connixus
837 576 1004 612 corpore,
1034 562 1171 599 ferrum

194 629 368 682 Conjicit.
426 630 548 667 Hasta
568 629 691 666 volans
710 629 826 666 noctis
847 629 1050 666 diverberat
1069 629 1226 675 umbras,

194 697 248 735 Et
268 696 365 734 venit
385 696 498 734 aversi
517 697 552 733 in
573 705 718 747 tergum
741 695 936 739 Sulmonis,
966 695 1090 746 ibique

193 764 405 815 Frangitur,
434 777 475 800 ac
498 764 581 800 fisso
601 764 728 800 transit
748 763 958 812 praecordia
977 763 1091 814 ligno.

191 830 366 868 Volvitur
383 829 456 873 ille,
476 843 621 866 vomens
641 829 795 866 calidum
816 829 861 866 de
881 838 1030 878 pectore
1052 829 1196 873 flumen,

191 897 389 948 Frigidus3
419 905 456 933 et
475 896 594 946 longis
614 895 834 947 singultibus
862 895 921 932 ilia
941 895 1074 945 pulsat.

188 963 335 1001 Diversi
356 962 664 1012 circumspiciunt.
723 962 813 999 Hoc
834 961 964 1005 acrior,
993 962 1089 998 idem

186 1033 290 1070 Ecce
308 1034 316 1069 Ξ
350 1031 445 1067 aliud
465 1043 601 1066 summa
620 1028 733 1066 telum
751 1028 907 1064 librabat
926 1029 971 1065 ab
992 1042 1075 1065 aure
1093 1043 1102 1065 ε
1141 1031 1235 1079 [que

185 1098 293 1136 Dum
314 1097 511 1147 trepidant,
536 1095 577 1131 iit
598 1096 702 1131 hasta
722 1095 832 1145 Tago
853 1109 917 1144 per
935 1103 1080 1144 tempus
1095 1103 1236 1132 utrum·

188 1164 368 1208 Stridens,
397 1166 623 1215 trajectoque
643 1162 756 1214 haesit
779 1161 964 1211 tepefacta
982 1162 1143 1199 cerebro.

187 1230 308 1269 Saevit
329 1239 434 1267 atrox
454 1229 645 1273 Volscens‚
674 1242 739 1265 nec
758 1227 822 1264 teli
841 1227 1020 1278 conspicit
1042 1240 1192 1277 usquam

182 1299 407 1354 Auctorem,
437 1311 501 1334 nec
522 1310 596 1346 quo
616 1309 652 1332 se
671 1295 797 1332 ardens
816 1294 1009 1332 immittere
1029 1295 1157 1344 possit.

183 1365 246 1403 Tu
268 1375 386 1402 tamen
405 1364 541 1400 interea
559 1362 676 1400 calido
697 1361 783 1397 mihi
803 1361 976 1412 sanguine
995 1375 1129 1411 poenas

183 1431 373 1470 Persolves
394 1431 597 1473 amborum,
625 1428 744 1478 inquit
763 1443 773 1466 ε
804 1427 908 1464 simul
928 1441 1009 1464 ense
1029 1427 1171 1465 recluso

183 1499 270 1536 Ibat
290 1498 325 1534 in
349 1496 563 1547 Euryalum.
620 1494 720 1532 Tum
746 1508 844 1538 vero,
868 1494 1077 1539 exterritus,
1097 1507 1230 1540 amens,

181 1565 397 1604 Conclamat
418 1564 530 1601 Nisus
547 1579 558 1608 ;
586 1575 652 1598 nec
673 1575 709 1598 se
729 1560 845 1598 celare
865 1561 1023 1598 tenebris

179 1631 370 1681 Amplius,
399 1639 461 1666 aut
480 1636 624 1666 tantum
644 1627 768 1677 potuit
785 1627 941 1678 perferre
961 1627 1124 1664 dolorem
1142 1642 1151 1665 ε

180 1696 262 1741 Me,
281 1710 352 1740 me,
377 1695 538 1748 (adsum,
553 1693 616 1744 qui
633 1692 724 1745 feci)
743 1693 777 1729 in
793 1707 849 1730 me
863 1693 1062 1730 convertite
1077 1693 1224 1738 ferrum,

180 1764 217 1802 O
242 1762 397 1800 Rutuli!
431 1775 508 1798 mea
528 1760 624 1797 fraus
643 1760 757 1796 omnis
775 1775 785 1805 ;
815 1759 902 1796 nihil
930 1760 997 1797 iste
1017 1773 1082 1797 nec
1102 1764 1223 1805 ausus,

176 1830 259 1869 Nec
279 1828 401 1879 potuit
419 1843 428 1865 ι
459 1826 601 1865 coelum
621 1827 691 1863 hoc
711 1835 749 1863 et
769 1826 913 1863 conscia
933 1826 1048 1863 sidera
1067 1835 1195 1863 testor.

176 1898 342 1935 Tantum
360 1894 540 1932 infelicem
559 1894 706 1930 nimium
726 1893 852 1930 dilexit
872 1892 1040 1930 amicum.

176 1962 284 2000 Talia
303 1962 401 1999 (licta
421 1961 554 1998 dabat:
586 1961 647 1998 sed
667 1960 799 1997 viribus
817 1959 909 1997 ensis
928 1960 1079 1996 adactus

175 2028 385 2067 Transabiit
404 2037 536 2071 costas,
564 2036 601 2064 et
622 2027 773 2064 candida
791 2035 941 2077 pectora
961 2026 1112 2077 rumpit.

173 2095 348 2133 Volvitur
368 2094 551 2145 Euryalus
570 2093 658 2139 leto,
687 2094 934 2144 pulchrosque
954 2107 1018 2143 per
1037 2102 1136 2130 artus

175 2164 216 2201 It
235 2176 356 2206 cruor,
375 2162 484 2211 inque
504 2161 672 2198 humeros
692 2160 811 2198 cervix
832 2159 991 2209 collapsa
1011 2159 1190 2198 recumbit
1209 2176 1217 2198 :

176 2230 387 2281 Purpureus
407 2227 518 2267 veluti
537 2241 622 2267 cum
643 2228 722 2273 flos,
751 2226 910 2265 succisus
928 2237 1061 2272 arati-0,
