1455 2685
154 329 188 354 v-.
205 316 296 353 411.
459 313 763 353 AENEIDOS
822 315 897 353 XI.
1129 319 1202 355 §201

152 428 192 466 Si
213 427 348 465 nullam
369 427 501 464 nostris
520 427 616 464 ultra
636 440 735 479 spem
755 427 859 478 ponis
880 426 914 464 in
935 428 1040 465 armis
1058 444 1068 473 ;

151 495 191 533 Si
211 504 287 532 tam
307 494 439 532 deserti
460 508 596 538 sumus,
624 503 662 531 et
682 494 791 531 semel
810 494 953 545 agmine
974 509 1074 531 verso

151 561 335 599 Funditus
355 561 568 605 occidimus,
597 575 713 611 neque
734 561 846 598 habet
868 562 1034 599 Fortuna
1062 576 1202 613 regres-

148 629 308 666 Oremus
323 642 465 679 pacem,
480 637 517 666 et
533 629 679 665 dextras
691 628 883 665 tendamus
898 629 1034 666 inertis.
1069 631 1170 679 [sum
1189 645 1199 674 ;

146 697 396 745 Quamquam,
410 697 450 733 o!
476 695 504 732 si
521 694 646 732 solitae
667 694 868 745 quidquam
882 695 1028 733 virtutis
1044 696 1199 740 adesset,

145 761 215 799 Ille
234 762 323 799 mihi
343 771 426 799 ante
446 761 534 799 alios
555 761 838 812 fortunatusque
858 762 1039 807 laborum,

144 828 407 880 Egregiusque
426 828 549 873 animi,
579 828 656 878 qui,
677 842 721 865 ne
743 828 832 878 quid
853 828 924 866 tale
948 829 1098 875 videret,

143 894 352 933 Procubuit
371 895 539 940 moriens,
559 904 598 932 et
618 895 769 933 humum
785 895 893 933 semel
908 909 970 933 ore
985 895 1197 934 momordit.

142 961 209 1000 Sin
229 969 264 999 et
286 975 376 1012 opes
396 961 514 1006 nobis,
534 970 572 999 et
592 962 712 1000 adhuc
732 962 870 999 intacta
884 964 1072 1014 juventus,

138 1028 374 1078 Auxilioque
395 1029 501 1066 urbes
523 1028 639 1067 Italae
660 1028 862 1079 populique
883 1038 1104 1079 supersunt;

141 1095 204 1134 Sin
225 1103 263 1132 et
283 1094 454 1146 Trojanis
473 1110 558 1134 cum
577 1096 694 1134 multo
715 1096 833 1148 gloria
853 1096 949 1134 venit

141 1162 327 1213 Sanguine
346 1178 356 1208 ;
379 1171 462 1200 sunt
477 1162 546 1200 illis
566 1177 630 1200 sua
649 1163 790 1208 funera,
810 1177 949 1214 parque
968 1177 1034 1214 per
1052 1163 1168 1201 omnis

138 1228 383 1280 Tempestas:
414 1244 480 1267 cur
498 1230 686 1268 indecores
705 1231 741 1267 in
760 1230 882 1267 limine
903 1230 1021 1280 primo

136 1297 344 1335 Deficimus
360 1298 373 1336 ἓ
401 1311 467 1335 cur
485 1307 569 1335 ante
588 1298 716 1335 tubam
735 1307 873 1335 tremor
892 1307 1051 1349 occupat
1071 1299 1194 1337 artus?

134 1362 261 1401 Multa
280 1364 370 1408 dies,
391 1364 549 1414 variique
568 1364 672 1401 labor
691 1364 876 1401 mutabilis
896 1365 987 1410 aevi,

136 1430 284 1469 Retulit
303 1431 340 1468 in
361 1431 487 1469 melius
505 1446 516 1477 ;
546 1430 680 1468 multos
700 1431 838 1468 alterna
858 1432 1012 1470 revisens

132 1497 247 1535 Lusit
267 1507 304 1535 et
324 1498 358 1535 in
381 1498 497 1536 solido
517 1512 639 1536 rursus
662 1498 827 1536 Fortuna
846 1498 992 1537 locavit.

131 1563 218 1602 Non
239 1565 309 1603 erit
328 1564 464 1602 auxilio
485 1565 589 1602 nobis
609 1564 788 1609 Aetolus,
808 1574 846 1602 et
867 1567 968 1616 Arpi
986 1582 997 1612 ς

132 1632 194 1668 At
216 1631 412 1682 Messapus
431 1632 516 1676 erit,
536 1631 698 1682 felixque
714 1632 949 1678 Tolumnius,
969 1641 1020 1678 et,
1041 1647 1132 1683 quos

130 1698 212 1735 Tot
234 1698 363 1748 populi
383 1699 523 1743 misere,
553 1699 663 1736 duces
681 1715 692 1744 ;
723 1713 788 1736 nec
809 1700 912 1737 tarda
933 1709 1106 1750 sequetur

130 1764 264 1802 Gloria
285 1764 449 1803 delectos
469 1765 599 1810 Lati0‚
618 1775 655 1803 et
677 1766 931 1804 Laurentibus
950 1767 1057 1817 agris.

129 1831 203 1868 Est
223 1840 275 1876 et,
296 1831 518 1869 Volscorum
538 1834 687 1884 egregia
705 1834 750 1870 de
765 1843 888 1885 gente,
910 1834 1077 1878 Camilla,

127 1899 282 1949 Agmen
302 1913 416 1950 agens
434 1900 616 1950 equitum,
637 1909 674 1937 et
696 1901 859 1938 florentis
880 1915 960 1939 aere
981 1911 1155 1941 catervas.

126 1965 255 2015 Quod,
277 1966 304 2002 si
326 1980 382 2003 me
403 1965 518 2004 solum
540 1967 677 2005 Teucri
698 1968 732 2004 in
752 1968 949 2006 certamina
969 1979 1141 2018 poscunt,

126 2033 247 2082 quue
269 2033 404 2083 placet,
425 2043 643 2085 tantumque
660 2036 763 2073 bonis
776 2036 1031 2074 communibus
1051 2038 1180 2084 obsto;

127 2098 212 2136 Non
234 2099 325 2136 adeo
346 2101 408 2138 has
427 2115 538 2138 exosa
556 2115 682 2140 manus
704 2103 873 2140 Victoria
894 2103 1007 2155 fugit,

124 2165 183 2203 Ut
203 2173 306 2202 tanta
327 2167 528 2218 quidquam
550 2184 616 2219 pro
637 2184 702 2220 spe
722 2179 861 2208 tentare
883 2185 1057 2208 recusem.

126 2232 196 2268 lbo
216 2232 341 2270 animis
361 2243 489 2272 contra
504 2251 514 2281 3
532 2236 587 2274 vel
608 2250 780 2287 magnum
797 2247 957 2288 praestet
975 2237 1179 2284 Achillem¹

179 2297 297 2336 Tom-
323 2300 377 2338 H.
652 2303 684 2340 C
713 2318 733 2340 c
