1455 2685
144 305 221 341 ³124·
444 302 745 341 AENEIDOS
802 303 878 340 IX.
1071 317 1103 339 v.
1125 304 1186 342 19.

143 414 295 452 Detulit
311 414 349 451 ‘in
368 415 509 452 terras?
528 415 623 452 unde
641 415 730 452 haec
750 423 824 452 tam
843 413 939 451 clara
956 423 1105 463 repente

144 480 391 530 Tempestas?
421 481 577 517 medium
596 482 699 517 video
719 480 902 518 discedere
921 479 1076 524 coelum,

144 546 378 597 Palantisque
398 546 486 596 polo
505 547 638 583 stellas.
671 547 814 596 Sequor
833 546 952 582 omina
971 555 1086 588 tanta,

140 613 321 663 Quisquis
339 614 373 650 in
395 627 492 649 arma
512 626 629 650 vocas.
666 613 732 656 Et,
754 613 803 649 sie
823 612 966 656 effatus,
995 613 1041 648 ad
1061 613 1193 649 undam

144 678 339 722 Processit,
360 693 573 729 summoque
594 679 713 715 hausit
733 680 777 716 de
798 680 946 729 gurgite
966 678 1147 730 lymphas,

142 744 269 782 Multa
287 746 374 782 deos
392 759 496 782 orans
513 762 526 793 3
555 746 789 795 oneravitque
809 745 954 782 aethera
979 745 1084 781 votis.

194 812 350 861 Jamque
369 812 484 849 omnis
503 812 639 862 campis
658 811 838 849 exercitus
858 812 934 848 ibat
955 811 1103 861 apertis,

140 878 258 916 Dives
277 880 424 928 equum,
445 878 542 916 dives
563 879 678 928 picta'i'
696 878 817 922 vestis,
836 887 873 915 et
893 877 980 914 auri.

139 943 332 993 'Messapus
353 945 486 994 primas
506 946 611 988 acies,
633 954 816 995 postrema
835 948 1005 982 coercent

143 1009 352 1059 Tyrrhidae
366 1013 513 1062 juvenes
532 1027 542 1056 ;
572 1013 692 1048 medio
713 1012 786 1048 dux
807 1011 949 1061 agmine
969 1010 1121 1047 Turnus

142 1075 328 1119 Vertitur,
348 1089 446 1113 arma
466 1086 603 1120 tenens,
624 1087 660 1114 et
679 1087 762 1114 toto
783 1077 916 1114 vertice
937 1090 1046 1126 supra
1066 1086 1137 1119 est.

139 1141 234 1184 Ceu,
254 1152 392 1192 septem
412 1157 562 1194 surgens
582 1143 715 1180 sedatis
735 1143 912 1186 amnibus,
937 1142 1031 1182 altus

138 1208 211 1245 Per
228 1210 384 1246 tacitum
403 1210 573 1260 Ganges,
602 1220 666 1246 aut
687 1210 814 1261 pingui
836 1209 982 1247 flumine
1002 1209 1124 1254 Nilus,

138 1275 267 1324 Quum
287 1276 408 1313 refluit
428 1277 579 1326 campis,
608 1279 733 1327 etjam
754 1291 790 1313 se
811 1276 974 1313 condidit
994 1276 1109 1313 alveo.

192 1340 271 1379 Hic
291 1343 450 1380 subitam
469 1343 575 1393 nigro
595 1343 787 1393 glomerari
806 1343 953 1393 pulvere
973 1343 1105 1384 nubem

139 1408 375 1458 prospiciunt
395 1409 548 1453 Teucri,
564 1423 605 1446 ac
618 1410 785 1446 tenebras
805 1410 992 1460 insurgere
1011 1409 1161 1460 campis.

137 1474 282 1512 Primus
301 1475 345 1512 ab
366 1475 514 1513 adversa
533 1475 737 1512 conciamat
757 1475 851 1512 mole
873 1476 1008 1514 Caicus
1026 1491 1036 1513 ε

137 1540 230 1590 Quis
250 1541 396 1592 globus,
417 1557 438 1579 o
460 1543 553 1579 cives
571 1545 578 1580 !
613 1542 766 1593 caligine
786 1542 943 1579 volvitur
962 1552 1039 1578 atra
1057 1545 1065 1579 !

137 1607 247 1645 Ferte
267 1610 330 1646 citi
351 1609 500 1653 ferrum,
522 1610 605 1646 date
625 1609 710 1653 tela,
740 1610 902 1646 scandite
917 1623 1062 1647 muros:

135 1673 270 1712 Hostis
290 1676 406 1718 adest,
434 1676 487 1713 eia
505 1678 513 1712 !
549 1676 698 1726 Ingenti
718 1676 875 1712 clamore
896 1690 962 1725 per
980 1677 1096 1712 omnis

136 1741 312 1779 Condunt
335 1757 371 1779 se
392 1741 531 1779 Teucri
552 1751 691 1791 portas,
719 1752 756 1779 et
777 1742 916 1779 moenia
932 1743 1132 1792 complent.

135 1807 306 1858 Namque
325 1808 387 1853 ita,
408 1808 608 1851 discedens,
624 1817 870 1858 praeceperat,
890 1808 1050 1858 optimus
1070 1808 1187 1854 armis,

135 1875 284 1912 Aeneas
302 1891 311 1913 ε
344 1876 371 1912 si
401 1888 471 1926 qua
490 1875 627 1912 interea
647 1875 793 1912 fortuna
813 1875 952 1919 fuisset,

136 1941 220 1978 Neu
241 1951 378 1977 struere
399 1941 572 1978 auderent
593 1941 720 1985 aciem,
749 1955 816 1978 neu
836 1941 983 1978 credere
1003 1955 1158 1991 camp03

135 2010 265 2046 Castra
287 2008 396 2044 modo
416 2016 454 2045 et
475 2017 577 2044 tutos
597 2017 775 2045 servarent
795 2021 931 2059 aggere
951 2021 1086 2043 muros.

136 2076 256 2126 Ergo,
275 2075 343 2111 etsi
359 2075 523 2112 conferre
536 2089 682 2112 manum
696 2075 830 2125 pudor,
849 2075 973 2124 iraque
994 2085 1185 2122 monstrat,

134 2141 328 2193 Objiciunt
348 2151 472 2191 portas
492 2151 627 2184 tamen,
648 2152 684 2179 et
706 2151 899 2192 praecepta
919 2140 1114 2186 facessunt,

132 2207 356 2259 Armatique
376 2209 471 2247 cavis
490 2219 703 2260 exspectant
724 2208 883 2257 turribus
903 2208 1057 2246 hosteim
