1455 2685
146 337 180 361 v.
198 323 289 361 215.
452 320 754 359 AENEIDOS
811 323 910 363 XII.
1122 328 1199 369 227

146 433 334 484 Eripiunt,
362 432 621 483 cumulantque
639 424 794 470 oneratis
811 433 975 473 lancibus
994 449 1083 474 aras.

198 501 259 538 At
278 513 362 537 vero
386 499 535 538 Rutulis
556 501 671 550 impar
689 514 730 538 ea
749 514 874 553 pugna
895 502 1004 539 videri

143 566 377 612 Jamdudum,
406 575 442 604 et
463 566 559 603 vario
574 566 712 604 misceri
732 577 881 617 pectora
897 579 1001 606 motu
1019 585 1030 615 ;

143 633 245 672 Tum
259 633 386 684 magis,
406 642 448 670 ut
462 633 611 684 propius
626 644 794 679 cernunt,
814 649 885 674 non
902 636 1035 674 viribus
1051 637 1186 687 aequis.

142 701 325 753 Adjuvat‚
345 701 485 737 incessu
503 700 618 737 tacito
638 715 864 752 progressus,
893 711 930 740 et
950 717 1046 740 aram

144 767 368 818 Suppliciter
381 780 550 805 venerans
569 768 724 805 demisso
745 768 894 815 lumine,
924 771 1090 815 Turnus,

141 833 399 885 Tabentesque
419 848 545 886 genae,
574 843 611 871 et
625 834 782 886 juvenali
801 836 836 872 in
849 850 1004 887 corpore
1024 836 1152 886 pallor.

141 902 264 951 Quem
283 900 389 939 simul
407 915 449 938 ac
469 902 491 939 J
495 910 625 938 uturna
644 915 746 938 soror
765 894 992 940 crebrescere
1012 904 1104 941 vidit

142 969 366 1013 Sermonem,
394 976 432 1005 et
451 967 551 1019 volgi
571 967 704 1006 variare
724 968 882 1006 labantia
901 970 1013 1006 corda
1032 985 1043 1015 ;

141 1036 185 1074 In
205 1036 338 1073 medias
357 1035 462 1079 acies,
490 1034 642 1071 formam
662 1035 866 1073 assimulata
886 1037 1061 1083 Camerti,

140 1102 210 1142 Cui
229 1115 344 1154 genus
362 1115 382 1138 a
402 1101 542 1152 proavis
562 1102 701 1152 ingens,
733 1102 942 1153 clarumque
963 1112 1133 1154 paternae

140 1169 284 1207 Nomen
304 1179 380 1206 erat
401 1169 556 1215 virtutis,
586 1179 622 1206 et
643 1170 719 1219 ipse
738 1170 932 1207 acerrimus
952 1170 1083 1215 armis3

140 1238 182 1275 In
204 1237 339 1274 medias
359 1236 420 1273 dat
440 1249 514 1273 sese
534 1235 641 1279 acies,
670 1236 767 1273 haud
788 1236 902 1273 nescia
919 1250 1052 1281 rerum,

141 1303 395 1353 Rumoresque
409 1303 494 1340 serit
514 1303 642 1346 varios,
671 1316 712 1339 ac
732 1302 817 1339 talia
844 1302 968 1341 fatur:

138 1370 223 1409 Non
245 1370 373 1421 pudet,
402 1384 425 1406 o
449 1369 602 1406 Rutuli!
636 1383 703 1419 pro
722 1370 865 1407 cunctis
884 1370 1019 1407 talibus
1039 1384 1147 1408 unam

138 1437 335 1490 Objectare
353 1437 530 1474 animam?
561 1450 771 1480 numerone‚
792 1450 834 1473 an
858 1438 1004 1480 viribus,
1033 1437 1139 1487 aequi

137 1503 223 1542 Non
243 1505 390 1542 sumus?
411 1504 469 1542 En
489 1506 496 1541 !
521 1517 657 1547 omnes,
677 1512 715 1540 et
736 1503 870 1547 Troes,
893 1513 929 1540 et
953 1505 1133 1548 Arcades,
1148 1504 1185 1542 hi

138 1571 346 1621 Fatalisque
365 1584 502 1613 manus,
522 1570 658 1607 infensa
681 1571 831 1607 Etruria
851 1570 982 1607 Turno
999 1585 1008 1609 :
1061 1574 1183 1621 [sunt,

136 1638 211 1675 Vix
232 1638 389 1681 hostem,
418 1636 546 1674 alterni
566 1636 594 1673 si
622 1637 913 1687 congrediamur,
943 1637 1129 1674 habemus.

139 1704 207 1742 Ille
227 1703 373 1755 quidem
392 1704 438 1740 ad
457 1717 620 1753 superos,
648 1716 805 1753 quorum
826 1717 861 1740 se
883 1704 1038 1741 devovet
1058 1703 1140 1751 aris,

139 1771 322 1809 Succedet
342 1770 450 1815 fama,
480 1770 653 1820 vivusque
675 1784 739 1820 per
757 1783 818 1807 ora
839 1769 1004 1809 feretur:

136 1839 231 1884 Nos,
259 1838 375 1889 patria
393 1837 533 1882 amissa,
562 1836 716 1874 dominis
738 1850 861 1886 parere
882 1837 1045 1887 superbis

135 1907 336 1956 Cogemur‚
365 1905 427 1955 qui
446 1918 540 1941 nunc
560 1903 647 1941 lenti
666 1903 891 1941 consedimus
919 1904 1022 1941 arvis.

189 1971 344 2009 Talibus
362 1971 502 2009 incensa
521 1979 577 2008 est
591 1974 764 2024 juvenum
784 1970 961 2008 sententia
981 1970 1104 2016 dictis,

136 2039 217 2077 Jam
232 2038 359 2090 magis,
371 2048 481 2089 atque
494 2038 628 2090 magi83
646 2038 833 2088 serpitque
846 2051 910 2088 per
922 2037 1068 2088 agmina
1087 2050 1185 2075 mur-

139 2104 215 2155 Ipsi
236 2104 440 2143 Laurentes
460 2106 604 2150 mutati,
633 2105 772 2156 ipsique
794 2104 934 2142 Latini.
1065 2107 1179 2155 [mur.

137 2172 215 2222 Qui
234 2172 301 2209 sibi
314 2173 388 2223 jam
407 2173 566 2224 requiem
588 2186 746 2224 pugnae,
776 2173 953 2222 rebusque
973 2171 1138 2218 salutem,

139 2239 354 2292 sperabant,
373 2253 466 2278 nunc
486 2253 583 2277 arma
603 2239 751 2284 volunt;
772 2238 971 2290 foedusque
987 2247 1184 2290 precantur

592 2304 722 2345 Ffe
