1455 2685
208 328 243 354 ς.
259 317 349 357 271.
513 317 813 356 AENEIDOS
871 320 945 357 IX.
1185 325 1258 360 133

210 422 402 478 Excipiam
425 428 526 473 sorti,
549 431 624 480 jam
645 444 738 466 nunc
759 439 822 466 tua
843 430 1011 479 praemia,
1034 431 1135 467 Nise.

210 497 414 541 Praeterea,
444 497 498 533 bis
519 511 577 533 sex
600 497 744 548 genitor
763 496 958 533 lectissima
979 508 1133 534 matrum

209 562 389 612 Corpora,
406 563 659 612 captivosque,
679 563 795 607 dabit,
808 576 943 614 suaque
961 565 1126 600 omnibus
1141 578 1254 603 arma:

210 630 365 680 Insuper
385 630 452 673 his,
482 630 600 680 campi
623 630 722 680 quod
743 645 802 668 rex
825 631 935 667 habet
957 632 1031 680 ipse
1061 632 1231 669 Latinus.

208 695 268 733 Te
287 710 385 740 vero,
406 710 483 733 mea
504 710 611 746 quern
632 697 757 746 spatiis
777 697 1011 746 propioiibus
1032 707 1129 735 aetas

207 761 432 811 Insequitur,
452 762 650 799 venerande
672 776 773 811 puer,
791 765 865 813 jam
886 772 1036 812 pectore
1057 772 1140 800 toto

206 827 370 877 Accipio
390 837 427 864 et
447 828 618 864 comitem
638 842 740 864 casus
760 828 987 878 complector
1007 830 1042 865 in
1063 830 1190 867 omnis.

207 892 321 931 Nulla
340 894 425 931 meis
446 895 518 931 sine
538 904 575 931 te
597 904 788 945 quaeretur
810 895 925 946 gloria
947 896 1078 933 rebus:

208 960 281 998 Seu
302 975 428 1011 pacem
449 975 510 998 seu
531 961 624 998 bella
644 975 781 1012 geram,
811 962 877 998 tibi
900 962 1054 999 maxima
1076 977 1193 1000 rerum

205 1026 488 1078 Verborumque
508 1028 609 1065 fides.
641 1029 781 1066 Contra
801 1042 907 1078 quem
925 1028 1008 1065 talia
1029 1029 1126 1066 fatur

206 1091 418 1142 Euryalus:
452 1094 516 1131 Me
537 1094 633 1131 nulla
653 1095 728 1131 dies
749 1105 822 1131 tam
850 1095 1006 1132 fortibus
1026 1095 1119 1131 ausis

206 1159 428 1196 Dissimilem
449 1162 635 1211 arguerit:
668 1170 811 1198 tantum
831 1177 839 1199 ε
875 1163 1038 1199 Fortuna
1059 1163 1213 1211 secunda

205 1228 291 1267 Ant
310 1229 457 1265 adversa
477 1229 595 1265 cadat.
633 1229 705 1266 Sed
727 1238 763 1264 te
784 1242 892 1278 super
911 1230 1006 1265 omni
1023 1246 1030 1264 ι
1051 1230 1146 1266 dona

206 1294 334 1331 Unum
355 1308 420 1331 oro
439 1310 448 1332 :
479 1294 645 1346 genetrix
665 1294 796 1332 Priami
813 1295 857 1332 de
878 1304 987 1346 gente
1008 1305 1151 1333 vetusta

207 1360 279 1398 Est
300 1361 402 1404 mihi,
423 1376 532 1411 quam
554 1362 716 1399 miseram
736 1362 852 1399 tenuit
874 1377 943 1399 non
970 1362 1034 1399 Ilia
1053 1362 1160 1399 tellus

205 1425 356 1464 Mecum
377 1428 627 1472 excedentem,
647 1441 717 1464 non
739 1428 878 1465 moenia
899 1428 994 1479 regis
1017 1429 1191 1465 Acestae.

205 1493 318 1531 Hanc
338 1507 409 1545 ego
429 1508 523 1531 nunc
544 1494 705 1544 ignaram
725 1493 833 1545 hujus
854 1495 1112 1544 quodcumque
1133 1495 1257 1545 pericli

206 1559 324 1610 Inque
345 1561 550 1605 salutatam,
573 1560 722 1611 linquo:
748 1562 899 1605 Nox,et
921 1570 983 1598 tua
1004 1563 1105 1599 testis
1166 1566 1258 1612 [est‚

204 1626 388 1671 Dextera,
408 1628 508 1677 quod
527 1641 702 1677 nequeam
718 1626 881 1664 lacrimas
903 1627 1061 1677 perferre
1083 1628 1253 1678 parentis.

205 1693 267 1731 At
287 1703 342 1738 tu,
362 1707 440 1738 oro,
461 1694 576 1731 solare
596 1694 754 1743 inopem,
774 1703 812 1730 et
834 1708 1005 1731 succurre
1026 1694 1189 1732 relictae.

205 1759 319 1798 Hanc
341 1761 415 1798 sine
435 1774 491 1798 me
512 1775 611 1811 spem
633 1760 724 1798 ferre
746 1761 799 1798 tui
819 1776 829 1799 :
860 1761 1052 1798 audentior
1071 1762 1132 1799 ibo

203 1827 251 1869 In
271 1840 372 1864 casus
392 1828 519 1864 omnis.
552 1828 728 1865 Percussa
749 1837 868 1866 mente
889 1829 1066 1865 dederunt

206 1892 440 1931 Dardanidae
459 1893 647 1933 lacrimas:
677 1904 760 1932 ante
780 1895 897 1932 omnis
919 1895 1072 1944 pulcher
1099 1894 1226 1940 1u1us;

204 1960 340 2010 Atque
360 1960 515 1997 animum
536 1961 673 2011 patriae
693 1962 839 1999 strinxit
861 1962 1010 2012 pietatis
1030 1962 1163 2013 imago.

205 2025 306 2063 Tum
328 2027 378 2064 sic
399 2027 558 2065 effatur:

207 2092 382 2142 Spondeo
401 2093 511 2145 digna
531 2093 603 2131 tuis
624 2094 837 2146 ingentibus
859 2095 979 2132 omnia
994 2096 1135 2146 coeptis
1154 2111 1163 2133 ε

206 2159 374 2209 Namque
393 2160 460 2198 erit
480 2161 548 2198 ista
570 2161 654 2198 mihi
677 2164 856 2213 genetrix,
874 2177 1075 2212 nomenque
1097 2163 1255 2202 Creusae

209 2226 337 2280 Solum
359 2227 542 2276 defuerit;
572 2243 637 2267 nec
659 2239 804 2279 parturn
824 2231 943 2281 gratia
963 2230 1069 2268 talem
