1455 2685
219 343 264 379 18
505 337 805 377 AENEIDOS
860 338 911 377 V.
1114 352 1147 377 v.
1165 342 1255 379 466.

215 451 302 489 Non
322 449 413 487 vires
431 449 529 492 alias,
550 454 790 499 conversaque
810 448 967 493 numina,
987 449 1097 487 sentis
1113 450 1126 488 ἓ

213 517 316 556 Cede
335 517 417 554 deo.
447 517 644 566 Dixitque,
664 525 702 553 et
721 515 859 566 proelia
877 529 965 553 voce
984 515 1141 554 diremit.

214 583 292 622 Ast
312 583 413 620 illum
433 583 495 620 fidi
515 583 692 633 aequales,
712 596 830 634 genua
848 596 955 634 aegra
972 583 1189 627 trahentem,

215 652 495 700 Jactantemque
515 658 672 699 utroque
692 659 816 699 caput,
845 663 1076 700 crassumque
1094 664 1260 688 cruorem

217 719 296 757 Ore
314 721 542 770 ejectantem‚
563 716 773 767 mixtosque
791 716 827 752 in
847 717 1022 768 sanguine
1040 718 1181 763 dentes,

216 786 376 825 Ducunt
396 785 442 822 ad
460 784 557 821 navis
574 799 585 830 ;
614 783 828 835 galeamque
845 797 1038 833 ensemque
1057 783 1177 821 vocati

217 852 447 894 Aer-iniunt:
469 850 624 901 palmam
640 850 790 888 Entello
811 856 1026 901 taurumque
1040 848 1262 901 relinquunt.

217 918 299 957 Hie
319 919 447 962 victor,
477 931 646 968 superans
665 917 802 960 animis,
821 925 1000 968 tauroque
1020 918 1222 968 superbus:

217 986 316 1025 Nate
331 987 413 1029 dea,
427 999 577 1036 vosque,
593 985 695 1027 haec,
711 984 842 1035 inquit,
857 984 1082 1035 cognoscite,
1097 984 1235 1022 Teucri
1251 1000 1263 1030 ;

219 1053 273 1092 Et
292 1052 379 1089 mihi
400 1065 491 1103 quae
511 1051 644 1089 fuerint
660 1050 818 1102 juvenali
838 1051 873 1087 in
893 1064 1047 1100 corpore
1066 1050 1171 1095 vires,

220 1119 274 1156 Et
294 1133 366 1170 qua
382 1118 530 1156 servetis
549 1127 755 1156 revocatum
776 1132 796 1154 a
815 1126 931 1154 morte
951 1118 1103 1156 Dareta.

218 1186 344 1229 Dixit,
363 1194 400 1222 et
420 1185 556 1222 adversi
579 1194 706 1222 contra
726 1185 829 1222 stetit
848 1198 910 1221 ora
924 1184 1081 1235 juvenci,

220 1253 296 1304 Qui
315 1254 449 1290 donum
469 1253 636 1289 adstabat
658 1266 801 1303 pugnae
818 1269 828 1299 ;
858 1252 1040 1303 durosque
1065 1251 1215 1289 reducta

218 1321 389 1360 Libravit
408 1321 537 1356 dextra
557 1320 674 1357 media
693 1319 787 1357 inter
814 1332 948 1357 cornua
967 1327 1108 1356 caestus

220 1389 390 1428 Arduus.
410 1387 634 1436 effractoque
652 1385 751 1423 illisit
771 1386 806 1422 in
826 1399 906 1422 ossa
924 1385 1089 1422 cerebro.

165 1496 174 1507 .
224 1453 672 1502 Sternitur,exanimisque
684 1460 840 1489 tremens
853 1452 1062 1502 procumbit
1074 1451 1175 1489 humi
1187 1452 1268 1490 bos,

225 1523 293 1561 Ille
315 1534 424 1571 super
441 1519 524 1557 talis
543 1519 697 1556 effundit
717 1529 866 1569 pectore
885 1533 1015 1557 voces:

223 1590 336 1629 Hanc
349 1588 429 1632 tibi,
440 1588 558 1636 Eryx,
571 1586 754 1623 meliorem
768 1587 920 1623 animam
935 1601 1003 1637 pro
1018 1596 1136 1624 morte
1152 1587 1269 1625 Dare-

224 1655 395 1696 Persolvo
411 1671 420 1693 :
442 1655 501 1691 hic
516 1654 634 1691 victor
647 1663 787 1691 caestus
802 1663 990 1704 artemque
1005 1668 1156 1704 repono.
1201 1654 1270 1705 [tis

278 1724 458 1760 Protenus
478 1720 626 1758 Aeneas
645 1720 751 1758 celeri
771 1729 909 1758 certare
929 1721 1068 1771 sagitta

225 1790 363 1828 Invitat
384 1790 446 1839 qui
467 1787 562 1825 forte
582 1787 717 1832 velint;
747 1797 785 1825 et
804 1787 960 1837 praemia
979 1787 1109 1837 ponit:

226 1856 447 1907 Ingentique
466 1868 573 1892 manu
591 1853 725 1891 malum
753 1854 798 1891 de
817 1867 904 1891 nave
925 1855 1060 1892 Seresti

226 1923 351 1974 Erigit
367 1938 377 1967 3
407 1930 445 1959 et
463 1921 646 1959 volucrem
665 1923 819 1972 trajecto
839 1920 873 1958 in
893 1920 979 1958 fune
998 1920 1220 1965 columbam,

225 1990 312 2038 Quo
332 1989 482 2025 tendant
502 1988 651 2033 sermm,
671 1988 764 2025 malo
784 1987 972 2038 suspendit
992 1988 1037 2024 ab
1058 1986 1147 2024 alto.

225 2058 436 2095 Convenere
456 2056 534 2100 viri,
563 2057 816 2107 dejectamque
835 2069 937 2093 aerea
948 2056 1090 2092 'sortem

227 2122 393 2172 Accepit
413 2122 540 2173 galea3
561 2136 596 2159 et
619 2123 756 2173 primus
776 2123 932 2161 clamore
952 2122 1110 2160 secundo

227 2189 458 2238 Hyrtacidae
478 2199 559 2226 ante
580 2190 694 2227 munis
714 2190 790 2227 exit
809 2189 912 2227 locus
943 2189 1219 2239 Hippocoontis
1237 2204 1250 2226 τ

229 2258 365 2308 Quem,
395 2258 505 2295 modo
526 2256 652 2306 navali,
674 2256 906 2302 Mnestheus,
931 2257 1126 2295 certamine
1145 2257 1276 2302 victor,
