1455 2685
124 349 152 386 ες
172 340 260 386 884..
451 344 752 386 AENEmos
809 329 860 384 x.
1096 346 1171 385 185

119 446 267 512 lugenti
287 468 408 511 gyr03
437 459 499 496 sed
519 459 672 496 sustinet
692 471 821 496 aureus
841 458 968 495 umbo.

118 527 198 564 Ter
216 526 352 563 circum
371 526 572 563 adstantem
592 524 712 562 laevos
731 524 910 575 equitavit
924 524 960 561 in
980 525 1092 571 orbis,

119 592 213 630 Tela
230 606 337 630 manu
351 591 488 642 jaciens
507 607 517 637 3
547 600 603 629 ter
623 605 746 629 secum
766 590 907 629 Tro'x'us
927 591 1035 628 heros

119 659 319 696 Immanem
337 666 459 696 aerato
480 658 690 695 circumfert
709 657 871 709 tegmine
890 657 1027 696 silvam.

121 725 228 770 Inde,
257 725 320 763 ubi
340 733 398 762 tot
418 724 569 762 traxisse
589 738 720 769 moras,
751 733 810 762 tot
829 725 969 776 spicula
988 719 1117 763 taedet

117 791 276 837 Vellere,
304 801 343 829 et
362 801 554 843 urguetur,
582 805 708 843 pugna
728 806 943 844 congressus
962 793 1087 843 iniqua
1104 808 1115 838 ;

117 857 242 896 Multa
262 872 408 896 movens
427 858 559 903 animo,
575 861 650 910 jam
665 848 811 897 tandem
829 860 1002 910 erumpit,
1021 869 1059 897 et
1073 853 1172 897 inter.

118 925 311 964 Bellatoris
330 927 414 977 equi
433 940 520 963 cava
539 935 704 976 tempora
726 927 873 978 conjicit
893 927 1046 966 hastam.

114 991 238 1030 Tollit
257 1007 293 1030 se
312 1002 493 1030 arrectum
512 993 734 1044 quadrupes,
761 1003 798 1030 et
819 993 980 1031 calcibus
1008 1007 1113 1031 auras

115 1059 310 1106 Verberat,
338 1059 564 1110 effusumque
583 1061 761 1110 equitem,
782 1074 891 1111 super
908 1062 985 1111 ipse
1005 1070 1168 1107 secutus,

119 1126 291 1177 Implicat
309 1142 318 1172 ;
346 1129 539 1178 ejectoque
558 1127 738 1165 incumbit
758 1142 911 1166 cernuus
927 1142 1038 1166 armo.

116 1191 286 1232 Clamore
306 1193 503 1231 incendunt
522 1193 665 1231 coelum
685 1194 880 1245 Troesque
901 1195 1114 1245 Latinique.

115 1260 285 1298 Advolat
305 1261 467 1305 Aeneas,
495 1261 698 1312 vaginaque
716 1262 825 1311 eripit
845 1275 979 1306 ensem,

117 1326 171 1364 Et
191 1327 402 1378 superhaec
421 1343 430 1365 :
463 1327 541 1365 Ubi
561 1342 656 1365 nuuc
679 1328 892 1366 Mezentius
912 1342 1009 1373 acer,
1029 1337 1066 1366 et
1084 1328 1145 1366 illa

117 1393 242 1431 Effera
261 1394 311 1431 vis
329 1394 466 1432 animi?
494 1394 634 1432 Contra
662 1395 896 1446 Tyrrhenus,
924 1404 982 1441 ut,
1009 1409 1112 1433 auras

117 1460 339 1511 Suspicicns,
365 1460 485 1498 hausit
505 1461 661 1506 coelum,
690 1471 922 1514 mentemque
941 1463 1080 1513 recepit
1098 1478 1109 1501 ε

116 1527 250 1565 Hostis
268 1541 400 1572 amare,
416 1527 505 1577 quid
520 1527 729 1579 increpitas,
745 1539 976 1580 mortemque
992 1529 1136 1567 minaris
1150 1529 1164 1567 ἓ

115 1593 269 1632 Nullum
288 1594 324 1630 in
343 1595 452 1631 caede
471 1594 568 1632 nefas
586 1610 596 1633 :
627 1609 693 1633 nec
715 1596 765 1633 sic
786 1597 833 1634 ad
853 1596 990 1646 proelia
1012 1597 1090 1633 veni⁴
1106 1612 1117 1641 3

115 1663 196 1700 Nec
215 1670 337 1699 tecum
350 1675 450 1698 meus
465 1661 555 1700 h‘aec
570 1663 717 1714 pepigit
730 1663 818 1700 mihi
837 1663 985 1700 foedera
1001 1663 1161 1701 Lausus.

94 1779 99 1786 ἱ
116 1730 245 1767 Unum
256 1728 340 1775 hoc,
356 1742 433 1779 per,
448 1728 474 1765 si
488 1743 559 1779 qua
571 1739 626 1767 est
640 1730 746 1768 victis
762 1730 862 1767 venia
875 1730 1058 1775 hostibus,
1074 1744 1160 1776 oro3

114 1797 261 1846 Corpus
276 1796 388 1833 humo
407 1795 543 1847 patiare
562 1797 654 1848 tegi.
715 1798 801 1836 Scio
814 1799 944 1837 acerba
964 1810 1128 1836 meorum

112 1862 357 1901 Circumstare
375 1863 486 1901 odia:
516 1863 627 1909 hunc,
655 1879 735 1910 oro,
764 1864 919 1903 defende
941 1864 1131 1911 furorem3

118 1930 173 1969 Et
193 1944 250 1967 me
269 1939 478 1968 consortem
498 1932 573 1968 nati
593 1932 755 1970 concede
774 1932 956 1983 sepulcro.

115 1997 224 2035 Haec
236 1996 612 2050 loquitur,juguloque
625 1999 724 2038 haud
737 2000 870 2038 inscius
882 1999 1016 2049 accipit
1029 2013 1147 2037 ensem
1151 2010 1171 2045 ,'

117 2065 357 2117 Undantique
376 2067 530 2104 animum
549 2066 721 2106 diffundit
740 2067 775 2104 in
796 2081 893 2105 arma
911 2081 1053 2105 cruore.

826 2204 869 2242 P.
900 2201 1161 2242 VIRGILHI

166 2334 283 2374 Tom.
307 2324 364 2374 11'.
637 2337 679 2375 A
707 2349 727 2374 a
