1455 2685
258 329 308 366 12
565 324 865 362 AENEmOS
920 324 970 361 V.
1154 337 1187 359 v.
1205 324 1295 362 298.

257 436 375 476 Hunc
396 434 525 479 Salius,
546 433 649 471 simul
668 443 705 471 et
726 434 883 478 Patron3
905 445 1057 484 quorum
1076 431 1165 468 alter
1181 432 1300 468 Acar-

257 502 374 540 Alter
387 502 432 538 ab
449 501 614 538 Arcadio
627 500 817 551 Tegeaeae
832 499 1003 550 sanguine
1012 498 1148 549 gentis:
1195 501 1300 548 [nan,

258 567 361 606 Tum
379 567 453 604 duo
469 566 817 616 Trinacriijuvenes,
834 565 1032 615 Helymus,
1048 565 1299 614 Panopesque,

257 632 415 671 Assueti
436 632 544 676 silvis,
564 632 714 669 comites
734 632 880 669 senioris
901 632 1086 669 Acestae:

256 699 374 738 Multi
394 707 591 749 praeterea,
612 711 703 748 quos
723 697 818 734 fama
840 698 992 734 obscura
1015 696 1192 734 recondit.

256 767 406 804 Aeneas
425 765 557 815 quibus
575 764 610 801 in
631 764 754 801 mediis
783 764 831 800 sic
851 763 978 800 deinde
996 764 1165 800 locutus:

255 832 436 882 Accipite
454 832 542 869 haec
562 830 698 874 animis,
718 830 901 880 laetasque
919 830 1094 867 advertite
1113 830 1253 867 mentis.

254 899 376 938 Nemo
396 912 439 936 ex
459 898 530 935 hoc
551 911 698 935 numero
718 897 804 934 mihi
824 911 893 933 non
915 897 1070 933 donatus
1089 895 1218 933 abibit.

257 965 417 1005 Gnossia
435 965 519 1002 bina
538 964 634 1001 dabo
653 964 772 1001 levato
791 963 913 1001 lucida
937 963 1034 1001 ferro

257 1032 420 1082 Spicula,
439 1031 685 1081 caelatamque
706 1039 856 1081 argento
876 1030 969 1067 ferre
988 1030 1178 1079 bipennem
1195 1044 1204 1066 ε

255 1099 438 1138 Omnibus
457 1098 515 1135 hic
535 1097 602 1134 erit
622 1110 713 1133 unus
732 1096 861 1133 honos.
893 1096 988 1133 Tres
1004 1095 1160 1145 praemia
1174 1095 1279 1145 primi

253 1166 471 1217 Accipient,
500 1165 660 1213 flavaque
680 1171 791 1212 caput
812 1172 1005 1199 nectentur
1023 1162 1127 1200 oliva.

256 1233 398 1271 Primus
416 1244 550 1281 equum
571 1229 725 1280 phaleris
744 1229 921 1280 insignem
939 1229 1056 1266 victor
1082 1229 1217 1266 habeto
1234 1245 1245 1274 ;

253 1298 368 1337 Alter
386 1296 631 1335 Amazoniam
650 1297 870 1346 pharetram,
897 1295 1111 1345 plenamque
1132 1295 1272 1345 sagittis

253 1364 450 1408 Threiciis,
470 1363 546 1400 lato
566 1376 674 1412 quam
693 1360 1008 1411 circumplectitur
1026 1374 1112 1397 auro

255 1430 418 1475 Balteus,
450 1438 488 1466 et
507 1429 614 1466 tereti
635 1429 817 1465 subnectit
838 1426 948 1465 fibula
969 1441 1135 1477 gemma:

252 1496 406 1534 Tertius
425 1494 607 1547 Argolica
626 1495 694 1532 hac
715 1494 818 1545 galea
837 1503 1029 1531 contentus
1049 1493 1162 1530 abito.

293 1563 402 1601 Haec
423 1563 485 1599 ubi
506 1562 617 1607 dicta,
632 1561 754 1598 locum
774 1561 937 1610 capiunt,
958 1560 1134 1610 signoque
1150 1569 1297 1610 repente

252 1629 465 1679 Corripiunt
485 1628 600 1679 spatia
618 1627 757 1671 audito,
777 1627 955 1675 limenque
973 1626 1191 1676 relinquunt,

253 1695 375 1735 Effusi
393 1695 516 1731 nimbo
537 1694 666 1731 similes
683 1709 693 1731 z
724 1693 830 1730 simul
849 1692 974 1730 ultima
993 1693 1150 1744 signant.

252 1763 396 1803 Primus
415 1762 505 1806 abit,
533 1761 715 1812 longeque
744 1769 826 1796 ante
845 1759 964 1796 omnia
984 1772 1139 1808 corpora
1159 1758 1270 1796 Nisus

251 1829 414 1873 Emicat,
441 1837 480 1866 et
498 1827 613 1865 ventis
633 1836 670 1864 et
690 1826 848 1863 fulminis
868 1826 969 1862 ocior
987 1824 1064 1861 alis.

251 1896 444 1936 Proximus
463 1894 562 1937 huic,
591 1893 703 1944 longo
725 1893 786 1929 sed
806 1892 994 1942 proximus
1016 1890 1216 1936 intervallo,

252 1962 464 2013 Insequitur
486 1961 604 1999 Salius
623 1975 631 1998 :
663 1959 780 2010 spatio
800 1968 884 2008 post
905 1958 1031 1995 deinde
1051 1957 1178 1994 relicto

249 2029 400 2067 Tertius
415 2027 598 2079 Euryalus
616 2043 626 2065 ε
1193 2025 1297 2075 [ipso

250 2094 528 2145 Euryalumque
548 2093 734 2144 Helymus
754 2093 937 2143 sequitur:
968 2105 1042 2142 quo
1071 2091 1198 2128 deinde
1227 2092 1295 2129 sub

249 2163 351 2201 Ecce
370 2164 378 2199 !
411 2149 508 2198 volat
535 2160 743 2210 calcemque
763 2160 849 2197 terit
863 2162 936 2211 jam
957 2158 1054 2195 calce
1075 2157 1226 2202 Diores,

251 2227 473 2278 incumbens
491 2227 641 2266 humero
658 2243 670 2276 5
700 2225 817 2277 spatia
835 2234 870 2264 ct
892 2225 919 2265 si
939 2224 1042 2277 plura
1063 2223 1240 2275 supersint
