1455 2685
212 350 288 387 162
502 344 805 384 AENEIDOS
863 344 915 382 X.
1122 358 1157 382 v.
1175 346 1266 383 242.

214 459 358 497 Primus
373 457 408 495 in
424 458 635 509 armajube‚
656 466 694 495 et
715 457 875 508 clipeum
901 469 1005 507 cape,
1037 469 1146 506 quem
1165 455 1272 493 dedit

214 527 400 564 Invictum
418 525 643 577 ignipotens,
664 534 775 575 atque
795 537 875 561 oras
890 522 1017 561 ambiit
1029 536 1131 560 auro.
1171 522 1270 574 [ipse

213 592 383 631 Crastina
401 591 480 636 lux,
500 605 579 628 mea
599 591 626 628 si
647 605 718 627 non
739 590 841 627 irrita
860 590 960 627 dicta
979 589 1134 640 putaris,

177 667 179 669 '
215 660 390 711 Ingentes
414 657 576 697 Rutulae
597 657 781 708 spectabit
801 657 921 695 caedis
945 670 1106 694 acervos.

264 725 430 763 Dixerat
448 740 458 770 3
487 733 525 762 et
545 724 675 762 dextra
694 725 880 762 discedens
895 723 1042 774 impulit
1062 722 1186 767 altam,

215 792 334 830 Haud
352 792 479 844 ignara
499 792 611 835 modi,
632 792 787 841 puppim
805 806 814 828 :
846 790 946 842 fugit
964 789 1024 827 illa
1043 804 1109 840 per
1128 789 1242 827 undas

213 860 330 898 Ocior
348 869 386 897 et
400 856 537 911 jaculo,
557 867 595 896 et
615 866 743 895 ventos
762 866 940 908 aequante
956 858 1104 909 sagitta.

214 927 304 965 Inde
324 926 411 963 aliae
431 925 590 963 celerant
610 939 748 962 cursus.
782 925 920 974 Stupet
940 925 1073 962 inscius
1092 924 1170 974 ipse

213 992 313 1030 Tros
332 992 604 1030 Anchisiades:
635 992 773 1028 animos
793 1000 914 1028 tamen
935 991 1056 1028 omine
1076 990 1189 1028 tollit.

214 1059 317 1097 Tum
332 1059 503 1103 breviter,
518 1072 646 1108 supera
661 1058 877 1108 adspectans
890 1071 1064 1103 convexa,
1077 1066 1265 1108 precatur:

211 1125 330 1164 Alma
349 1139 478 1176 parens
500 1125 610 1162 Idaea
629 1125 751 1169 deum,
771 1124 830 1162 cui
851 1122 1042 1175 Dindyma
1061 1124 1178 1171 cordi,

212 1191 511 1244 Turrigeraeque
531 1192 653 1237 urbes,
672 1191 863 1244 bijugique
879 1192 925 1228 ad
945 1190 1046 1229 frena
1065 1191 1186 1229 leones
1202 1208 1212 1237 ;

213 1256 278 1297 Tu
298 1259 384 1296 mihi
405 1272 499 1297 nunc
521 1273 667 1311 pugnae
686 1259 871 1310 princeps,
892 1267 935 1296 tu
955 1258 1023 1296 rite
1043 1258 1268 1309 propinques

214 1326 444 1377 Augurium,
459 1326 746 1377 Phrygibusque
761 1325 854 1363 adsis
866 1326 973 1376 pede,
985 1326 1080 1371 diva,
1094 1326 1265 1364 secundo.

213 1392 380 1430 Tantum
401 1393 545 1439 effatus,
573 1402 612 1431 et
631 1394 769 1431 interea
787 1393 958 1431 revoluta
976 1394 1106 1431 ruebat

213 1461 366 1499 Matura
381 1463 456 1513 jam
475 1461 558 1498 luce
579 1461 668 1506 dies,
689 1458 916 1512 noctemque*
931 1460 1092 1513 fugarat.

268 1527 457 1578 Principio
479 1527 583 1565 sociis
603 1527 726 1573 edicit,
756 1527 860 1580 signa
884 1537 1096 1580 sequantur,

213 1595 346 1644 Atque
368 1594 504 1631 animos
524 1604 654 1645 aptent
667 1594 787 1639 armis,
802 1608 1023 1646 pugnaeque
1042 1603 1171 1645 parent
1191 1607 1239 1631 se.

213 1660 369 1710 Jamque
389 1661 425 1698 in
444 1670 648 1711 conspectu
663 1662 833 1700 Teucros
847 1662 973 1706 habet,
993 1669 1030 1699 et
1051 1674 1113 1698 sua
1134 1669 1265 1705 castra,

217 1725 325 1763 Stans
344 1726 439 1763 celsa
458 1726 494 1763 in
511 1727 639 1777 puppi.
671 1727 843 1778 Clipeum
858 1742 942 1765 cum
961 1728 1090 1765 deinde
1109 1727 1248 1766 sinistra

216 1790 367 1829 Extulit
387 1792 588 1837 ardentem,
616 1793 810 1831 clamorem
830 1794 875 1831 ad
895 1795 1010 1832 sidera
1029 1793 1166 1831 tollunt

217 1858 452 1897 Dardanidae
471 1874 491 1897 e
510 1859 620 1897 muris
640 1875 650 1899 :
682 1873 763 1911 spes
783 1861 908 1899 addita
926 1861 1078 1898 suscitat
1097 1861 1166 1898 iras
1182 1876 1192 1899 :

214 1924 309 1962 Tela
329 1938 436 1963 manu
454 1926 595 1978 jaciunt
612 1942 622 1964 t
654 1927 778 1977 quales
797 1928 864 1965 sub
885 1927 1041 1965 nubibus
1061 1927 1147 1964 atris

215 1991 448 2042 Strymoniae
468 1993 557 2030 dant
577 1993 679 2045 signa
699 2009 819 2046 grues,
837 2001 947 2045 atque
962 1994 1107 2031 aethera
1120 2003 1261 2031 tranant

213 2059 310 2097 Cum
331 2059 465 2104 sonitu,
487 2059 709 2111 fugiuntque
729 2069 836 2099 notos
856 2061 1013 2099 clamore
1037 2060 1211 2098 secundo.

214 2125 276 2163 At
300 2126 444 2164 Rutulo
464 2126 542 2178 regi
570 2128 798 2179 ducibusque
812 2142 853 2166 ea
873 2129 962 2165 mira
981 2127 1093 2164 videri

213 2192 392 2230 Ausoniis
411 2208 421 2238 ς
451 2194 567 2231 donee
588 2208 705 2233 versas
724 2195 769 2233 ad
791 2195 917 2232 littora
938 2194 1073 2245 puppis

216 2258 447 2311 Respiciunt‚
476 2258 671 2313 totumque
691 2262 798 2302 allabi
818 2262 992 2301 classibus
1012 2274 1159 2311 aequor.
