1455 2685
167 302 198 326 v.
215 289 307 326 606.
496 285 800 325 AENEIDOS
858 289 909 326 X.
1149 293 1221 333 175

218 399 401 438 Junonem
421 398 556 435 interea
574 397 772 448 compellat
791 399 939 448 Jupiter
959 398 1081 438 ultro:

169 467 206 504 O
227 478 397 518 germana
416 465 502 502 mihi
523 473 634 515 atque
654 466 779 502 eadem
799 465 1007 516 gratissima
1027 470 1184 520 conjunx
1205 473 1212 506 !

170 533 228 571 Ut
248 533 388 577 rebare,
408 532 534 569 Venus
565 532 652 583 (nec
673 540 710 568 te
730 531 909 568 sententia
929 531 1044 584 fallit)

167 600 346 650 Trojanas
365 606 546 635 sustentat
564 611 678 648 opes;
709 610 780 635 non
800 598 918 634 vivida
937 598 1034 635 bello

170 666 317 704 Dextra
336 666 432 710 viris,
452 664 663 716 animusque
681 663 799 708 fero><‚
821 665 1035 716 patiensque
1055 668 1191 717 pericli.

168 732 240 771 Cui
260 733 357 770 Juno
377 731 554 780 submissa
571 747 580 769 :
605 732 721 781 Quid,
734 746 756 767 o
769 731 1012 781 pulcherrime
1032 736 1189 785 conjunx
1207 739 1214 772 !

171 799 355 838 Sollicitas
374 812 534 851 aegram,
555 807 590 836 et
613 807 678 835 tua
697 799 814 836 tristia
835 799 933 836 dicta
953 800 1168 840 timentem?

169 867 208 905 Si
221 866 418 917 mihi‚quae
431 865 615 916 quondam
628 864 950 916 fuerat‚quamque
961 880 1036 904 esse
1048 868 1216 914 decebat,

168 932 237 970 Vis
256 932 291 969 in
312 946 434 969 amore
454 930 574 969 foret!
600 946 671 968 non
684 932 754 969 hoc
775 932 863 969 mihi
883 946 1037 983 namque
1057 948 1221 985 negares,

170 999 430 1050 Omnipotens,
451 999 537 1049 quin
558 1008 596 1036 et
616 1012 763 1050 pugnae
784 1000 988 1037 subducere
1008 1000 1194 1046 Turnum,

170 1066 224 1104 Et
244 1067 383 1104 Dauno
405 1080 547 1117 possem
568 1066 787 1104 incolumem
808 1080 946 1103 servare
966 1069 1121 1117 parenti.

171 1134 278 1172 Nunc
299 1142 436 1183 pereat,
456 1132 686 1182 Teucrisque
707 1132 768 1182 pio
792 1133 854 1170 det
875 1134 1048 1184 sanguine
1073 1149 1218 1185 poenas.

171 1198 238 1236 Ille
258 1211 378 1236 tamen
399 1209 523 1237 nostra
543 1199 693 1236 deducit
713 1199 852 1250 origine
873 1213 1016 1244 nomen,

170 1265 433 1316 Pilumnusque
452 1265 501 1302 illi
523 1275 675 1316 quartus
695 1275 800 1316 pater
817 1281 827 1310 3
857 1275 894 1302 et
914 1274 977 1302 tua
996 1265 1099 1317 larga

171 1333 288 1382 Saepe
309 1346 415 1369 manu
436 1332 632 1382 multisque
652 1332 814 1369 oneravit
834 1331 957 1368 limina
975 1332 1090 1369 doni-s.

169 1398 241 1436 Cui
262 1412 322 1436 rex
342 1399 492 1436 aetherii
514 1399 673 1436 breviter
693 1399 742 1435 sic
765 1398 862 1435 fatur
885 1398 1040 1448 Olympi
1058 1413 1068 1436 :

171 1465 210 1503 Si
230 1479 330 1502 mora
349 1466 549 1515 praesentis
569 1465 646 1509 leti,
667 1475 900 1515 tempusque,
921 1465 1062 1502 caduco

171 1531 313 1569 Oratur
326 1523 465 1583 juveni,
485 1545 615 1582 meque
635 1533 705 1570 hoc
725 1532 777 1569 ita
797 1545 930 1582 ponere
949 1532 1060 1568 sentis
1078 1547 1089 1577 ;

171 1597 281 1635 Tolle
300 1597 391 1650 fuga
410 1597 596 1643 Turnum,
616 1608 726 1649 atque
745 1597 964 1635 instantibus
979 1598 1077 1648 eripe
1098 1598 1192 1636 fatis.

172 1664 368 1702 Hactenus
388 1665 577 1705 indulsisse
598 1675 714 1703 vacat.
742 1665 809 1704 sin
829 1665 937 1702 altior
954 1665 1032 1702 istis

173 1732 250 1770 Sub
270 1732 438 1782 precibus
458 1732 559 1769 venia
580 1731 652 1768 ulla
672 1731 772 1777 latet,
791 1739 987 1781 totumque
1006 1732 1153 1777 moveri,

172 1798 373 1844 Mutarim,
394 1808 502 1848 putas
521 1798 655 1835 bellum
673 1814 683 1843 ;
714 1811 795 1848 spes
817 1798 932 1848 pascis
952 1798 1076 1835 inanis.

172 1865 226 1903 Et
246 1866 344 1903 Juno
362 1864 609 1902 allacrimans:
643 1864 746 1914 Quid
766 1864 808 1908 si,
830 1865 930 1914 quod
947 1879 1035 1902 voce
1050 1867 1224 1916 gravaris,

173 1930 302 1969 Mente
317 1931 419 1969 dares
435 1947 446 1977 ς
466 1941 576 1982 atque
597 1931 684 1968 haec
699 1931 830 1969 Turno
852 1940 929 1968 rata
950 1931 1021 1968 vita
1037 1945 1194 1969 maneret
1211 1935 1219 1970 !

173 1998 283 2035 Nune
304 2008 424 2036 manet
444 1999 623 2036 insontem
640 1998 760 2049 gravis
778 1997 900 2035 exitus
919 2013 929 2043 ;
951 2007 1014 2035 aut
1033 2012 1105 2050 ego
1126 1999 1198 2035 veri

174 2065 279 2103 Vana
299 2065 405 2102 feror.
438 2065 554 2116 Quod
574 2074 614 2102 ut
635 2079 656 2102 o
676 2067 683 2102 !
723 2065 847 2116 potius
868 2063 1058 2102 formidine
1084 2064 1171 2102 falsa

177 2130 318 2176 Ludar,
338 2139 376 2168 et
395 2132 430 2168 in
451 2131 577 2170 melius
597 2142 674 2177 tua,
695 2132 757 2183 qui
773 2141 892 2182 potes,
909 2145 989 2168 orsa
1005 2131 1192 2170 reflectas!

230 2197 338 2235 Haec
360 2199 422 2236 ubi
442 2199 542 2236 dieta
561 2199 678 2244 dedit,
698 2198 802 2237 coelo
821 2211 857 2236 se
877 2207 1052 2249 protenus
1071 2198 1144 2234 alto
