1455 2685
157 273 300 319 mem.
474 266 778 317 AENEmo‘s
833 266 909 318 vi.
1037 306 1040 309 -
1165 273 1216 323 5?

157 382 307 444 Quique
326 390 531 429 sacerdotes
545 389 649 434 casti,
670 383 756 427 dum
776 390 849 428 vita
869 390 1053 437 manebam

156 454 307 509 Quique
326 458 376 509 pii
395 467 510 504 vates,
528 467 566 496 et
588 458 742 496 Phoebo
762 457 873 509 digna
891 457 1023 503 locuti,
1076 469 1078 471 '

155 513 328 562 Iuventas
346 534 410 562 aut
430 524 494 575 qui
515 524 624 562 vitam
652 523 846 562 excoluere
865 539 931 574 per
948 525 1050 572 artis,

154 591 306 642 Quique
325 591 381 629 sui
399 605 574 629 memores
593 590 681 628 alios
700 589 819 628 fecere
839 591 1035 630 merendo:

153 657 336 695 Omnibus
355 657 411 695 his
431 657 533 694 nivea
551 657 751 708 cinguntur
770 665 937 707 tempora
957 658 1062 696 vitta.

152 725 260 774 Quos
279 722 518 763 circumfusos
538 723 588 761 sic
616 733 672 761 est
692 723 804 762 affata
825 723 991 775 Sibylla;

151 780 348 829 Musaeum
366 800 450 828 ante
469 791 586 829 omnis
606 806 616 836 ς
637 791 794 828 medium
811 804 890 828 nam
907 791 1064 842 plurima
1082 791 1191 829 turba

151 857 269 895 Hunc
285 858 411 902 habet,
424 865 534 908 atque
545 857 703 895 humeris
719 866 923 895 exstantem
940 857 1093 908 suspicit
1109 857 1206 896 altisi

148 923 294 969 Dicite,
320 923 443 962 felices
461 924 613 969 animae,
632 934 763 974 tuque,
783 924 924 974 optime
943 932 1058 969 vates,

149 991 256 1041 Quae
274 991 376 1043 regio
391 990 596 1035 Anchisen,
617 991 697 1041 quis
711 991 824 1029 habet
839 990 941 1029 locus
959 992 971 1029 ?
999 991 1096 1029 illius
1114 995 1208 1043 ergo*

148 1057 339 1102 Venimus,
358 1067 397 1095 et
416 1071 569 1109 magnos
591 1048 705 1096 Erebi
727 1058 945 1095 tranavimus
970 1058 1096 1096 amnis.

147 1125 283 1174 Atque
302 1124 388 1161 huic
408 1138 622 1174 responsum
642 1125 767 1174 paucis
787 1125 838 1162 ita
859 1126 1020 1163 reddidit
1039 1126 1177 1164 berosi

148 1189 252 1227 Nulli
272 1200 373 1227 certa
393 1190 548 1228 domus:
578 1190 670 1228 lucis
690 1191 897 1229 habitamus
916 1191 1041 1242 opacis
1059 1207 1071 1237 ς

150 1256 406 1307 Riparumque
426 1267 542 1302 toros,
570 1268 606 1295 et
629 1267 734 1308 prata
754 1258 913 1296 recentia
932 1258 1033 1303 rivis,

148 1324 363 1361 Incolimus.
396 1324 470 1362 Sed
490 1338 568 1372 vos,
588 1325 616 1362 s‘i
636 1324 708 1362 fert
724 1325 775 1363 ita
794 1326 906 1363 corde
926 1325 1108 1369 voluntas,

147 1378 238 1430 Hoc
259 1400 427 1441 superate
442 1393 600 1443 jugum;
629 1400 667 1428 et
686 1390 784 1429 facili
799 1394 875 1443 jam
895 1393 1041 1429 tramite
1062 1393 1203 1430 sistam.

145 1458 257 1496 Dixit
275 1473 286 1503 ;
306 1467 343 1495 et
363 1469 446 1495 ante
464 1457 551 1495 tulit
572 1471 749 1509 gressum,
770 1472 993 1510 camposque
1013 1459 1162 1497 nitentis

144 1525 320 1575 Desuper
331 1533 508 1563 ostentat:
526 1525 655 1563 dehinc
670 1539 807 1563 summa
820 1527 1007 1563 cacumina
1020 1526 1204 1577 linquunn

196 1593 257 1630 At
278 1600 382 1642 pater
401 1592 587 1630 Anchises
607 1594 751 1642 penitus
771 1592 934 1630 convalle
951 1593 1081 1631 virenti

144 1658 309 1697 Inclusas
327 1658 475 1703 animas,
503 1673 748 1710 superumque
780 1659 828 1697 acl
845 1660 965 1697 lumen
986 1661 1116 1707 ituras,

142 1727 349 1766 Lustrabat
370 1727 492 1764 studio
512 1726 688 1771 recolens,
708 1741 925 1779 omnemque
945 1740 1095 1767 suorum

143 1793 256 1833 Forte
275 1795 484 1832 recensebat
505 1808 708 1839 numerum,
729 1809 906 1846 carosque
925 1806 1093 1848 nepotes,

143 1858 323 1912 Fataque,
353 1861 591 1912 fortunasque
612 1862 738 1908 virum,
758 1877 962 1914 moresque,
983 1877 1196 1915 manusque.

141 1929 267 1979 Isque,
286 1928 349 1966 ubi
370 1930 580 1967 tendentem
600 1930 789 1967 adversum
810 1944 876 1980 per
894 1931 1057 1982 gramina
1082 1932 1171 1970 vidit

139 1997 312 2040 Aenean,
331 1995 457 2034 alacris
477 1997 612 2049 palmas
632 2006 804 2047 utrasque
826 1998 981 2035 tetendit
999 2014 1009 2043 ;

141 2060 364 2112 Effusaeque
383 2063 485 2115 genis
504 2063 670 2100 lacrimae
689 2079 700 2109 ς
729 2073 766 2101 et
787 2078 856 2101 vox
877 2064 1015 2102 excidit
1035 2078 1096 2102 ore
1113 2078 1127 2102 ,τ

140 2128 285 2166 Venisti
306 2130 467 2175 tandem,
487 2139 623 2181 tuaque
645 2141 807 2181 spectata
829 2132 970 2182 parenti

141 2193 244 2232 Vicit
264 2195 335 2233 iter
354 2197 487 2235 durum
503 2199 622 2250 pietas
638 2199 650 2236 ἓ
679 2199 788 2236 datur
806 2211 869 2236 ora
888 2198 1001 2239 tueri⁴

199 2262 321 2301 Tem.
354 2263 412 2303 ΙΙ.
686 2264 729 2302 H

636 2322 662 2357 Β
