1455 2685
210 324 288 361 ⁶234·
493 321 797 361 AENEIDOS
854 321 956 360 XII.
1118 334 1154 359 v.
1171 325 1264 362 409.

210 434 336 472 De'nsa
357 433 493 472 cadunt
514 434 651 472 mediis.
685 435 722 472 It
742 434 856 472 tristis
872 434 917 471 ad
933 434 1080 471 aethera
1099 433 1238 471 clamor

211 501 419 539 Bellantum
434 504 622 554 Juvenum,
642 513 679 540 et
700 503 792 539 duro
813 502 879 539 sub
901 501 1026 539 Marte
1051 501 1261 540 cadentum.

263 569 342 607 Hic
363 570 502 611 Venus,
522 569 675 620 indigno
695 569 770 606 nati
791 582 967 605 concussa
987 568 1128 614 dolore,

207 635 451 674 Dictamnum
471 636 637 686 genetrix
660 635 815 673 Cretaea
834 635 954 684 carpit
973 635 1019 672 ab
1042 635 1123 680 Ida,

207 702 415 740 Puberibus
436 701 574 739 caulem
597 701 695 738 foliis
714 710 752 738 et
774 701 862 739 flore
881 711 1089 739 comantem

208 771 399 821 Purpureo
418 784 444 808 2·
459 784 529 806 non
550 769 610 806 illa
630 769 714 806 feris
733 768 920 820 incognita
940 769 1057 820 capris

208 838 397 881 Gramina,
419 851 502 874 cum
522 846 629 887 tergo
649 835 815 872 volucres
834 836 979 873 haesere
999 837 1167 888 sagittae.

206 905 298 943 Hoc
319 905 458 949 Venus,
488 904 646 940 obscuro
667 902 799 939 faciem
819 902 1044 940 circumdata
1068 904 1209 949 nimbo,

206 971 356 1010 Detulit
373 986 381 1009 :
413 971 484 1007 hoc
507 970 628 1007 fusum
646 969 755 1006 labris
771 969 1047 1020 splendentibus
1066 984 1208 1017 amnem

205 1039 343 1080 Inficit‚
365 1037 511 1075 occulte
532 1037 714 1074 medicans
733 1052 742 1082 ;
775 1037 989 1088 spargitque
1013 1036 1166 1075 salubris

202 1106 424 1144 Ambrosiae
446 1118 588 1147 succos,
609 1113 646 1141 et
666 1103 887 1141 odoriferam
908 1118 1117 1154 panaceam.

204 1173 315 1211 Fovit
333 1186 373 1209 ea
395 1172 523 1208 volnus
542 1171 694 1222 lympha
711 1171 910 1223 longaevus
933 1171 1045 1222 Iapis,

204 1240 385 1291 Ignorans
403 1255 412 1277 ε
445 1239 642 1289 subitoque
661 1239 776 1276 omnis
798 1239 843 1276 de
863 1252 1019 1289 corpore
1039 1237 1140 1289 fugit

203 1307 356 1357 Quippe
377 1306 483 1344 dolor
501 1322 510 1351 ;
540 1306 656 1343 omnis
676 1307 780 1344 stetit
801 1306 874 1343 imo
894 1305 1038 1343 volnere
1058 1305 1220 1358 sanguis.

201 1375 371 1424 Jamque,
391 1383 516 1411 secuta
537 1387 695 1418 manum,
715 1372 817 1410 nullo
837 1381 1008 1424 cogente,
1029 1372 1167 1425 sagitta

203 1441 357 1480 Excidit
377 1456 387 1486 ;
417 1450 529 1491 atque
549 1453 661 1478 novae
680 1440 816 1479 rediere
834 1441 870 1477 in
891 1439 1043 1490 pristina
1062 1440 1166 1478 vires.

201 1510 323 1547 Arma
338 1508 401 1546 citi
422 1519 617 1559 properate
636 1507 713 1545 viro
732 1510 740 1545 !
775 1507 865 1558 quid
885 1507 988 1545 statis
1004 1508 1016 1546 ?
1045 1507 1148 1558 Iapis

200 1576 430 1619 Conclamat,
450 1576 662 1626 primusque
681 1576 819 1612 animos
837 1574 1005 1612 accendit
1019 1573 1055 1611 in
1074 1574 1231 1616 hostem.

198 1642 285 1681 Non
307 1643 396 1680 haec
417 1642 584 1679 humanis
604 1642 751 1692 opibus,
780 1656 852 1678 non
873 1650 950 1679 arte
970 1641 1158 1693 magistra,

199 1710 423 1748 Proveniunt
441 1727 451 1755 3
477 1723 594 1759 neque
609 1718 662 1754 te,
681 1709 825 1752 Aenea,
846 1723 924 1747 mea
945 1709 1097 1747 dextera
1116 1719 1255 1750 servat:

198 1777 324 1829 Major
342 1775 419 1827 agit
441 1775 542 1820 deus,
558 1784 670 1825 atque
689 1788 801 1824 opera
820 1776 866 1812 ad
886 1778 1022 1827 majora
1040 1776 1210 1816 remittit.

253 1843 336 1888 Ille,
364 1842 490 1880 avidus
508 1855 669 1893 pugnae,
691 1855 791 1878 suras
810 1841 1009 1880 incluserat
1028 1856 1118 1880 auro

197 1910 302 1949 Hinc
316 1919 427 1960 atque
439 1908 692 1959 hinc,oditque
704 1908 1057 1960 moras,hastamque
1070 1918 1254 1948 coruscat.

198 1977 402 2027 Postquam
420 1975 549 2013 habilis
562 1975 666 2013 lateri
677 1975 832 2027 clipeus,
847 1975 1033 2026 loricaque
1047 1984 1171 2029 tergo,
1184 1986 1256 2023 est,

195 2043 402 2085 Ascanium
422 2042 510 2080 fusis
529 2043 667 2081 circum
689 2043 951 2094 complectitur
973 2044 1093 2088 armis,

197 2114 420 2160 Summaque
440 2124 505 2160 per
521 2109 662 2162 galeam
681 2110 844 2149 delibans
863 2109 988 2148 oscula
1006 2109 1106 2148 fatur
1123 2125 1134 2149 :

197 2179 328 2223 Disce,
350 2190 454 2228 puer,
474 2176 650 2216 virtutem
665 2192 711 2216 ex
726 2192 797 2223 me,
817 2191 1015 2228 verumque
1035 2177 1196 2216 laborem
1214 2192 1229 2224 ;

199 2247 405 2286 Fortunam
423 2258 470 2283 ex
489 2244 579 2285 aliis.
611 2245 721 2286 Nunc
741 2255 779 2285 te
799 2259 879 2285 mea
898 2245 1051 2284 dextera
1068 2244 1167 2285 bello
