1455 2685
169 300 205 324 v.
222 285 312 327 270.
490 283 794 324 AENEIDOS
852 286 926 324 VI.
1177 293 1230 328 43

168 397 288 449 Quale
307 411 372 448 per
391 396 564 435 incertam
585 397 732 435 Lunam
753 398 820 435 sub
841 398 923 436 luce
943 399 1102 451 maligna

168 464 239 502 Est
261 464 330 502 iter
348 464 382 501 in
403 463 512 508 silvis,
541 463 603 501 ubi
624 463 767 501 coelum
785 465 950 502 condidit
970 466 1097 503 umbra

167 530 325 581 Jupiter,
344 539 382 568 et
403 531 510 568 rebus
530 543 602 567 nox
623 530 774 567 abstulit
795 540 872 568 atra
892 531 1068 570 colorem.

167 596 404 635 Vestibulum
423 605 506 634 ante
526 596 659 649 ipsum,
672 597 871 647 primisque
884 598 919 634 in
935 597 1102 636 faucibus
1116 599 1221 645 Orci,

167 662 316 702 Luctus
335 672 373 701 et
394 662 540 701 ultrices
560 677 714 714 posuere
735 664 869 701 cubilia
890 667 1010 704 Curae
1029 682 1040 712 3

170 730 428 781 Pallentesque
448 730 614 768 habitant
637 729 778 775 Morbi,
798 731 984 783 tristisque
1006 734 1197 778 Senectus,

169 796 224 836 Et
245 797 386 842 Metus,
405 807 443 835 et
465 797 669 835 malesuada
690 798 833 843 Fames,
852 813 893 837 ae
907 799 1025 850 turpis
1047 800 1221 852 Egestas,

167 864 369 904 Terribiles
386 865 463 902 visu
482 864 643 911 formae;
676 865 904 916 Letumque,
925 866 1128 918 Labosque
1145 883 1156 912 ;

166 932 283 978 Tum,
303 932 592 984 consanguineus
613 933 717 977 Leti,
740 934 876 983 Sopor,
897 942 934 970 et
954 932 1045 970 mala
1065 933 1196 971 mentis

175 998 324 1038 Gaudia
341 1015 352 1045 3
380 998 683 1050 mortiferumque
701 1000 850 1038 adverso
869 1000 905 1036 in
924 999 1045 1037 limine
1067 999 1224 1046 Bellum,

171 1066 369 1117 Ferreique
378 1066 624 1104 Eumenidum
636 1067 842 1112 thalami,et
856 1067 1053 1105 Discordia
1065 1068 1225 1112 demens,

167 1133 368 1184 Vipereum
387 1134 524 1171 crinem
544 1134 644 1172 vittis
663 1135 792 1172 innexa
807 1135 981 1172 cruentis.

222 1201 266 1238 In
287 1201 405 1238 medio
424 1214 555 1245 ramos,
574 1213 779 1251 annosaque
799 1202 961 1245 brachia,
983 1203 1112 1252 pandit

165 1267 316 1313 Ulmus,
335 1281 464 1318 opaca,
483 1268 610 1319 ingens
629 1285 638 1314 ;
669 1282 778 1318 quam
799 1268 921 1306 sedem
944 1269 1093 1305 Somnia
1112 1268 1222 1320 volgo

165 1337 272 1375 Vana
291 1345 414 1374 tenere
435 1335 570 1378 ferunt,
591 1334 761 1386 foliisque
783 1336 849 1373 sub
870 1336 1038 1374 omnibus
1059 1337 1219 1375 haerent.

165 1403 364 1455 Multaque
384 1412 570 1455 praeterea
590 1402 768 1439 variarum
790 1413 950 1440 monstra
970 1403 1140 1447 ferarum,

166 1471 342 1510 Centauri
363 1471 397 1508 in
418 1470 559 1508 foribus
579 1469 777 1514 stabulant,
796 1469 1015 1521 Scyllaeque
1035 1470 1221 1516 biformes,

166 1538 221 1578 Et
241 1538 555 1589 centumgeminus
577 1538 757 1583 Briareus,
778 1550 819 1574 ac
839 1537 959 1574 bellua
980 1538 1123 1575 Lernae

166 1604 408 1644 Horrendum
429 1605 596 1649 stridens,
618 1604 843 1654 flammisque
858 1613 994 1641 armata
1015 1604 1222 1650 Chimaera,

166 1671 381 1724 Gorgones,
402 1671 682 1722 Harpyiaeque,
703 1680 740 1708 et
760 1670 878 1708 forma
900 1672 1114 1722 tricorporis
1142 1686 1222 1709 um-

165 1738 329 1789 Corripit
342 1738 542 1783 hic,subita
555 1739 719 1789 trepidus
732 1738 1077 1782 formidine‚serrum
1096 1741 1218 1791 [brae.

164 1805 327 1850 Aeneas,
348 1805 584 1856 strictamque
603 1805 716 1842 aciem
737 1806 962 1843 venientibus
981 1805 1091 1844 offert
1110 1823 1121 1853 ς

166 1872 234 1916 Et,
255 1872 290 1909 ni
310 1873 422 1911 docta
441 1886 564 1911 comes
582 1872 700 1910 tenuis
729 1872 803 1910 sine
823 1886 977 1923 corpore
999 1873 1087 1911 vitas

163 1939 381 1978 Admoneat
400 1940 551 1979 volitare
571 1953 658 1978 cava
678 1941 744 1978 sub
765 1940 921 1992 imagine
936 1939 1087 1986 formae,

165 2006 302 2051 Irruat,
321 2016 358 2044 et
378 2006 513 2045 frustra
533 2006 630 2045 ferro
650 2007 853 2045 diverberet
875 2008 1031 2045 umbras.

210 2072 313 2110 Hinc
327 2073 394 2118 via,
406 2074 576 2112 Tartarei
592 2088 684 2125 quae
698 2074 769 2112 fert
785 2074 1015 2113 Acherontis
1030 2075 1076 2112 ad
1092 2075 1216 2114 undas.

164 2138 355 2178 Turbidus
375 2140 433 2178 hic
453 2155 581 2186 coeno,
602 2151 776 2192 vastaque
795 2142 981 2193 voragine,
1001 2156 1139 2193 gurges

165 2207 342 2255 Aestuat,
361 2217 472 2259 atque
490 2223 635 2248 omnem
655 2210 804 2260 Cocyto
824 2218 967 2247 eructat
988 2222 1143 2246 arenam.

648 2275 734 2312 τυ.)
