1455 2685
236 368 310 405 1226
537 364 839 405 AENEIDOS
897 363 972 403 IX.
1156 379 1200 403 -v.
1218 366 1281 406 75.

232 476 551 527 Diripuerefocos
569 492 578 515 ε
609 477 756 527 piceum
777 475 849 514 fert
869 476 1009 513 fumida
1026 474 1149 513 lumen

232 543 372 588 Taeda,
391 552 428 581 et
447 543 682 581 commixtam
702 542 889 581 Volcanus
909 543 954 579 ad
972 551 1067 579 astra
1086 541 1255 588 favilla-m.

285 608 379 657 Quis
399 608 501 652 deus,
522 623 544 644 o
565 608 697 646 Musae
717 611 724 646 !
747 617 819 645 tam
835 621 937 645 saeva
950 607 1114 645 incendia
1127 607 1282 645 Teucris

230 674 411 711 Avertit?
439 683 562 711 tantos
582 675 720 711 ratibus
742 674 822 724 quis
843 673 983 723 depulit
1003 675 1105 725 ignes
1124 675 1136 711 ?
1171 674 1176 684 ‘

232 740 372 778 Dicite.
423 740 545 778 Prisca
565 741 655 778 fides
675 740 789 785 facto,
811 741 873 777 sed
893 740 989 777 fama
1007 740 1184 790 perennis.

285 807 470 856 Tempore
493 821 567 857 quo
588 807 745 857 primum
775 807 941 859 Phrygia
960 806 1140 844 formabat
1160 807 1195 843 in
1217 807 1284 844 Ida

231 873 382 910 Aeneas
402 873 564 918 classem,
584 882 621 911 et
640 874 760 925 pelagi
779 883 903 924 petere
922 873 995 911 alta
1012 875 1163 924 parabat
1179 889 1190 918 ;

235 942 322 991 Ipsa
342 942 447 979 deum
467 942 585 978 fertur
604 940 785 992 genetriX,
807 940 1038 990 Berecyntia,
1058 954 1231 992 magnum

230 1007 397 1045 Vocibus
416 1008 470 1044 his
490 1007 599 1045 affata
617 1008 746 1046 Jovem
765 1022 775 1045 :
806 1007 886 1051 Da,
915 1015 1013 1052 nate,
1042 1007 1196 1057 petenti,

231 1074 345 1122 Quod
366 1083 429 1111 tua
449 1088 530 1111 cara
550 1088 678 1124 parens
699 1074 838 1111 domito
860 1083 896 1111 te
915 1073 1037 1124 poscit
1058 1073 1236 1125 Olympo.

230 1141 341 1178 Pinea
357 1140 441 1178 silva
459 1141 561 1186 mihi,
591 1140 726 1178 multos
747 1137 882 1177 dilecta
900 1154 964 1191 per
984 1154 1110 1186 annos,

231 1208 359 1245 Lucus
379 1208 413 1244 in
435 1221 516 1244 arce
534 1207 605 1244 fuit
626 1220 776 1251 summa,
798 1221 873 1257 quo
894 1220 994 1244 sacra
1013 1206 1193 1254 ferebant,

231 1274 403 1325 Nigranti
423 1275 526 1324 picea
545 1274 784 1324 trabibusque
804 1274 981 1311 obscurus
1001 1273 1150 1312 acernis.

214 1340 314 1377 „Has
335 1354 406 1391 ego
427 1341 618 1378 Dardanio
634 1340 771 1393 juveni,
799 1354 912 1391 quum
929 1340 1049 1377 classis
1069 1349 1208 1391 egeret,

232 1407 351 1444 Laeta
370 1406 453 1444 dedi
471 1422 480 1444 ε
511 1421 605 1444 nunc
626 1407 817 1444 sollicitam
837 1407 948 1444 timor
968 1407 1094 1444 anxius
1115 1416 1263 1458 urguet.

233 1473 597 1523 Solvemetus,atque
610 1473 680 1510 hoc
693 1474 860 1524 precibus
877 1474 949 1510 sine
962 1487 1067 1523 posse
1083 1482 1282 1522 parentem,

232 1540 289 1576 Ne
310 1554 417 1576 cursu
438 1550 626 1590 quassatae
648 1539 736 1584 ullo,
757 1554 827 1576 neu
848 1540 993 1577 turbine
1012 1540 1123 1585 venti,

231 1607 448 1644 Vincuntur.
507 1606 628 1644 Prosit
657 1607 788 1643 nostris
821 1607 856 1643 in
876 1606 1061 1644 montibus
1080 1616 1189 1644 ortas.

233 1672 449 1709 Filius-huic
470 1684 611 1717 contra,
640 1682 793 1723 torquet
813 1673 875 1723 qui
897 1673 1012 1710 sidera
1031 1675 1155 1711 mundi
1173 1689 1182 1711 ι

231 1738 269 1775 O
290 1738 454 1789 genetrix
475 1741 482 1776 !
515 1753 590 1789 quo
610 1739 689 1776 fata
708 1753 815 1777 vocas
835 1741 847 1777 ?
875 1748 940 1777 aut
961 1741 1051 1790 quid
1071 1740 1164 1790 petis
1183 1740 1281 1778 istis?

230 1803 429 1841 Mortaline
449 1805 696 1843 manufactae
716 1806 922 1843 immortale
943 1806 1083 1844 carinae

233 1871 301 1909 Fas
321 1871 503 1917 habeant3
533 1882 728 1923 certusque
747 1872 885 1910 incerta
905 1872 1068 1923 pericula
1088 1872 1219 1911 lustret

230 1938 379 1976 Aeneas
397 1939 409 1977 ?
439 1938 510 1976 Cui
530 1948 630 1976 tanta
650 1940 718 1976 deo
741 1939 910 1989 permissa
930 1948 1093 1988 potestas
1111 1941 1124 1978 ἓ

232 2006 365 2050 lmmo,
385 2005 447 2042 ubi
468 2005 661 2042 defunctae
683 2006 789 2043 linem
811 2015 1012 2056 portusque
1032 2007 1209 2044 tenebunt

231 2072 436 2116 Ausonios,
465 2072 565 2116 olim,
595 2087 833 2123 quaecunque
853 2073 1002 2110 evaserit
1023 2073 1143 2116 undis,

230 2138 532 2189 Dardaniumque
549 2140 680 2177 ducem
700 2140 902 2177 Laurentia
921 2139 1058 2176 vexerit
1078 2153 1174 2185 arva,

232 2206 427 2243 Mortalem
448 2207 597 2256 eripiam
618 2206 783 2251 formam,
813 2207 1008 2258 magnique
1022 2207 1160 2258 jubebo

231 2273 420 2324 Aequoris
438 2288 513 2316 esse
535 2274 618 2311 deas
635 2289 644 2312 :
677 2273 791 2324 qualis
812 2273 946 2311 Nereia
967 2274 1075 2312 Doto
