1455 2685
244 314 296 350 40
535 313 834 352 AENEIDOS
891 315 964 352 VI.
1142 330 1173 354 v,
1195 318 1285 356 157.-

243 425 282 462 Si
302 438 396 461 nunc
415 438 451 461 se
466 425 569 462 nobis
587 425 644 462 ille
663 439 789 463 aureus
808 427 934 462 arbore
952 440 1069 462 ramus

243 492 425 528 Ostendat
444 506 587 529 nemore
607 493 640 528 in
663 495 789 529 tanto!
825 493 968 542 quando
988 492 1108 529 omnia
1130 507 1209 529 vere

241 557 332 594 Heu
350 560 357 595 !
391 557 537 594 nimium
560 558 603 595 de
622 566 658 594 te
679 567 790 602 vateS,
820 557 975 603 Misene,
1004 558 1127 595 locuta
1145 569 1214 596 est.

239 624 312 660 Vix
334 638 373 660 ea
392 623 488 660 fatus
506 632 595 668 erat,
611 625 772 675 geminae
792 639 903 675 quum
924 624 1019 662 forte
1037 624 1227 662 columbae

240 691 326 740 Ipsa
347 691 412 727 sub
433 704 495 726 ora
514 690 577 726 viri
597 690 699 727 coelo
719 705 845 727 venere
866 690 1040 736 volantes,

239 758 294 795 Et
315 757 420 793 viridi
442 757 562 793 sedere
583 756 671 793 solo.
729 757 829 794 Tum
848 758 1022 794 maximus
1041 758 1148 795 heros

238 823 427 861 Maternae.
446 823 611 874 agnoscit
631 823 716 866 avis,
744 822 929 874 laetusque
950 834 1118 873 precatur
1135 839 1144 861 :

238 891 330 927 Este
349 890 472 932 duces,
484 903 507 925 o
526 892 534 926 ἔ
555 889 582 926 si
603 903 674 939 qua
693 889 746 925 via
766 898 831 933 est,
848 903 1065 939 cursumque
1080 904 1144 940 per
1159 902 1261 925 auras

237 955 402 1007 Dirigite
422 955 456 992 in
477 955 592 999 lucos,
614 956 674 992 ubi
695 956 867 1007 pinguem
887 957 983 993 dives
1002 967 1134 1006 opacat

237 1022 376 1060 Ramus
392 1022 560 1059 humum:
581 1031 708 1072 tuque,
729 1025 775 1059 o!
809 1023 926 1060 dubiis
946 1037 988 1059 ne
1010 1023 1123 1060 defice
1144 1023 1264 1066 rebus,

234 1090 333 1128 Diva
352 1103 491 1139 parens.
551 1089 612 1126 Sic
632 1088 774 1133 effatus,
803 1088 953 1138 vestigia
973 1089 1102 1138 pressit
1121 1105 1130 1134 3

236 1157 441 1194 Observans
466 1168 557 1205 quae
578 1155 679 1205 sigua
699 1154 828 1199 ferant,
850 1169 923 1205 quo
943 1155 1090 1192 tendere
1109 1164 1277 1206 pergant.

232 1223 427 1260 Pascentes
446 1221 525 1258 illae
545 1230 687 1258 tantum
707 1222 851 1271 prodire
871 1221 1038 1266 volando,

232 1291 421 1339 Quantum
442 1288 516 1324 acie
536 1296 684 1337 possent
703 1287 799 1324 oculi
819 1301 955 1324 servare
975 1298 1202 1338 sequentum.

234 1356 339 1400 Inde,
367 1354 430 1391 ubi
450 1368 574 1391 venere
593 1354 637 1390 ad
656 1353 778 1390 fauces
798 1353 1037 1404 graveolentis
1057 1355 1212 1399 Averni,

231 1421 391 1459 Tollunt
411 1436 447 1458 se
467 1421 598 1458 celeres
617 1436 627 1465 ;
656 1419 909 1470 liquidumque
929 1434 993 1470 per
1011 1434 1091 1458 aera
1109 1420 1232 1471 lapsae

233 1489 388 1527 Sedibus
407 1488 543 1537 optatis
562 1486 723 1538 geminae
742 1499 850 1535 super
867 1487 994 1524 arbore
1014 1488 1150 1533 sidunt,

230 1553 407 1592 Discolor
426 1554 520 1590 unde
539 1553 615 1589 auri
635 1567 700 1601 per
718 1566 835 1589 ramos
855 1566 939 1590 aura
960 1553 1113 1593 refulsit.

231 1620 352 1670 Quale
372 1619 463 1656 solet
484 1618 578 1656 silvis
598 1619 750 1655 brumali
770 1618 907 1670 frigore
926 1619 1064 1657 viscum

231 1686 375 1724 Fronde
394 1687 506 1722 virere
526 1699 629 1729 nova,
659 1686 758 1734 quod
778 1699 848 1722 non
870 1700 933 1723 sua
952 1687 1101 1723 seminat
1121 1687 1239 1734 arbos,

230 1753 284 1790 Et
303 1765 433 1789 croceo
453 1750 532 1789 fetu
550 1751 676 1788 teretis
695 1752 918 1790 circumdare
937 1763 1085 1789 truncos
1102 1768 1112 1791 ;

228 1819 331 1859 Talis
350 1827 426 1856 erat
448 1818 584 1867 species
601 1818 677 1854 auri
697 1816 899 1856 frondentis
917 1832 1033 1869 opaca

230 1885 318 1923 llice
336 1901 345 1923 :
377 1885 426 1922 sic
445 1884 515 1921 leni
534 1884 736 1934 crepitabat
756 1884 902 1921 bractea
922 1895 1042 1922 vento.

228 1952 391 2002 Corripit
411 1951 560 1989 Aeneas
579 1949 778 2000 extemplo,
798 1951 994 2001 avidusque
1013 1952 1180 2004 refringit

227 2020 488 2062 Cunctantem,
516 2026 553 2054 et
573 2016 664 2054 vatis
683 2026 807 2066 portat
829 2018 896 2055 sub
916 2027 1015 2055 tecta
1037 2019 1209 2069 Sibyllae.

279 2084 360 2122 Nec
379 2083 495 2120 minus
514 2083 650 2120 interea
671 2082 853 2120 Misenum
872 2083 906 2119 in
926 2083 1050 2121 littore
1071 2086 1208 2123 Teucri

226 2149 393 2193 Flebant,
412 2159 449 2186 et
468 2149 577 2186 cineri
597 2149 742 2201 ingrato
762 2163 928 2199 suprema
947 2149 1125 2188 ferebant.

226 2216 413 2267 Principio
432 2216 608 2267 pinguem
627 2216 755 2265 taedis,
775 2226 812 2254 et
834 2216 964 2254 robore
985 2225 1098 2262 seem,
