1455 2685
206 322 233 360 4
519 321 821 361 AENEIDOS
876 322 928 361 V.
1139 340 1175 362 v.
1193 327 1257 367 74.

210 433 304 472 Hoc
323 446 415 483 puer
432 432 618 471 Ascanius
635 450 645 474 ε
676 435 839 484 sequitur
854 448 945 485 quos
965 442 1085 473 cetera
1104 436 1233 486 pubes.

210 499 281 538 Ille
300 515 320 538 e
339 500 495 538 concilio
523 500 647 538 multis
665 514 748 538 cum
768 499 926 538 millibus
942 501 1021 538 ibat

208 567 279 605 Ad
298 567 495 613 tumulum,
514 581 647 619 magna
664 568 803 605 medius
822 567 1020 605 comitante
1038 577 1193 605 caterva.

208 634 290 672 Hic
311 635 383 671 duo
404 634 472 672 rite
492 648 592 672 mero
610 634 726 672 libans
744 635 927 672 carchesia
949 635 1099 672 Baccho

207 701 346 740 Fundit
367 701 480 746 humi,
500 702 576 739 duo
595 701 690 739 lacte
710 716 816 746 ῃονο,
836 703 910 739 duo
923 702 1096 753 sanguine
1109 716 1230 748 sacr03

207 770 491 819 Purpureosque
505 769 596 821 jacit
613 769 730 813 flores,
751 783 792 806 ac
811 769 898 807 talia
917 769 1016 806 fatur
1032 785 1042 807 z

208 835 328 880 Salve,
344 844 467 873 sancte
482 849 625 886 parens,
638 837 787 873 iterum!
813 835 958 879 salvete,
975 836 1112 886 recepti
1147 837 1253 887 [nae!

205 903 469 955 Nequidquam
489 903 642 941 cineres!
670 903 879 953 animaeque
898 904 1118 954 umbraeque
1138 913 1260 953 pater-

205 970 294 1009 Non
313 970 419 1007 licuit
440 970 519 1007 finis
541 970 667 1014 Italos,
688 970 885 1019 fataliaque
904 983 1000 1014 arva,
1127 971 1256 1021 [brim.

205 1037 287 1075 Nec
297 1045 419 1074 tecum
432 1036 652 1081 Ausonium,
662 1036 884 1087 quicumque
897 1045 1141 1085 est‚quaerere
1149 1037 1258 1086 Thy-

203 1104 364 1144 Dixerat
384 1105 473 1141 haec
492 1120 503 1149 ;
523 1104 644 1154 adytis
664 1118 777 1154 quum
793 1104 954 1141 lubricus
969 1104 1096 1155 anguis
1112 1105 1156 1141 ab
1177 1104 1257 1142 imis

202 1172 358 1222 Septem
376 1172 505 1223 ingens
525 1185 652 1223 gyros,
674 1181 823 1221 septena
844 1169 1036 1214 volumina,
1056 1171 1183 1215 traxit,

197 1238 410 1289 Amplexus
430 1237 572 1287 placide
592 1237 787 1281 tumulum,
806 1237 1001 1287 lapsusque
1021 1251 1086 1287 per
1105 1251 1182 1275 aras
1199 1253 1210 1276 :

201 1305 399 1344 caeruleae
418 1305 477 1343 cui
496 1314 602 1356 terga
621 1314 742 1347 notae,
763 1304 966 1342 maculosus
985 1314 1023 1341 et
1043 1319 1130 1342 auro

202 1374 401 1423 Squamam
420 1373 636 1410 incendebat
656 1372 782 1424 fulgor
799 1388 810 1417 ;
840 1386 904 1408 ceu
921 1371 1079 1408 nubibus
1097 1385 1202 1410 arcus

199 1440 308 1479 Mille
321 1441 412 1491 jacit
431 1440 548 1476 varios
567 1439 716 1476 adverso
737 1437 810 1475 sole
830 1438 984 1475 colores.

202 1507 413 1557 Obstupuit
433 1506 509 1543 visu
531 1506 693 1543 Aeneas.
726 1505 808 1549 Ille,
828 1505 973 1556 agmine
992 1504 1106 1556 longo

198 1574 367 1612 Tandem
385 1573 482 1610 inter
499 1581 642 1621 pateras
662 1581 699 1609 et
719 1571 808 1608 levia
829 1572 962 1621 pocula
986 1586 1144 1622 serpens,

199 1640 425 1691 Libavitque
444 1641 569 1690 dapes,
590 1653 784 1688 rursusque
804 1638 970 1675 innoxius
990 1639 1062 1676 imo

200 1707 384 1746 Successit
403 1706 561 1750 tumulo,
580 1715 618 1743 et
637 1707 787 1758 depasta
806 1705 932 1742 altaria
950 1705 1072 1755 liquit.

199 1774 292 1813 Hoc
311 1773 427 1825 magis
446 1773 612 1823 inceptos
633 1773 792 1824 genitori
812 1773 989 1809 instaurat
1009 1772 1180 1817 honores,

199 1841 382 1884 Incertus,
404 1839 612 1878 G-eniumne
631 1839 717 1885 loci,
751 1839 990 1877 Famulumne
1010 1840 1171 1889 parentis

198 1908 291 1946 Esse
310 1916 442 1958 putet:
474 1906 593 1944 caedit
612 1906 713 1944 binas
733 1907 777 1944 de
797 1920 895 1944 more
918 1906 1089 1950 bidentis,

196 1975 353 2024 Totque
372 1987 466 2018 sues,
495 1974 648 2011 totidem
678 1973 853 2025 nigrantis
873 1983 977 2024 terga
992 1975 1166 2025 juvencos
1184 1989 1195 2019 ;

194 2041 366 2092 Vinaque
386 2040 564 2078 fundebat
584 2041 732 2090 pateris,
763 2041 989 2089 animamque
1016 2039 1170 2076 vocabat

196 2107 388 2146 Anchisae
407 2107 542 2159 magni,
571 2107 767 2157 Manisque
787 2107 1007 2144 Acheronte
1028 2105 1207 2143 remissos.

196 2174 278 2213 Nec
297 2186 369 2210 non
389 2182 426 2211 et
446 2174 550 2219 socii,
579 2187 671 2226 quae
690 2174 823 2224 cuique
843 2182 899 2210 est
918 2171 1038 2222 copia,
1056 2171 1142 2209 laeti

195 2242 310 2283 Dona
327 2240 448 2280 ferunt
467 2256 477 2280 :
507 2249 658 2280 onerant
677 2254 767 2287 aras,
787 2248 1022 2290 mactantque
1041 2241 1218 2292 juvencos
1235 2255 1245 2278 :
