1455 2685
170 284 244 320 128
458 282 760 322 AENEIDOS
817 281 893 322 IX.
1074 299 1107 321 v.
1127 284 1214 323 131.

163 394 245 435 Nec
265 408 345 444 spes
366 393 438 431 ulla
459 395 567 446 fugae
584 411 594 439 ;
615 408 733 431 rerum
751 408 831 444 pars
850 394 962 432 altera
981 395 1125 432 ademta
1143 406 1217 433 estz*

163 460 282 497 Terra
300 466 421 498 autem
441 461 474 497 in
492 462 621 498 nostris
642 461 803 497 manibus
822 476 832 506 ;
853 470 910 498 tot
931 460 1054 505 millia,
1074 471 1201 512 gentes

162 528 284 565 Arma
304 527 426 565 ferunt
449 527 576 566 Italae.
636 527 700 565 Nil
719 541 776 564 me
797 526 919 564 fatalia
937 537 1091 571 terrent,

164 594 205 632 Si
224 608 295 644 qua
313 595 480 644 Phryges
501 608 585 644 prae
602 608 637 631 se
652 596 806 644 jactant,
835 607 1004 644 responsa
1022 594 1186 631 deorum.

164 661 229 698 Sat
251 660 334 697 fatis
354 660 559 710 Venerique
578 661 718 704 datum,
748 660 904 711 tetigere
925 660 1025 709 quod
1045 674 1127 696 arva

162 726 306 765 Fertilis
328 728 514 765 Ausoniae
535 727 670 764 Troes.
709 727 802 763 Sunt
823 737 860 763 et
881 740 958 763 mea
978 736 1106 763 contra

163 793 256 830 Fata
276 794 376 838 rni'ni,
396 794 491 830 ferro
512 793 724 830 sceleratam
743 793 951 830 exscindere
971 803 1133 843 gentem,

161 859 332 910 Conjuge
352 869 542 909 praerepta
560 875 570 903 ;
600 873 667 896 nec
688 859 784 896 solos
803 859 923 910 tangit
951 859 1107 898 Atridas

163 926 242 962 Iste
263 926 381 969 dolor,
410 926 568 976 solisque
588 925 673 963 licet
694 939 823 975 capere
843 939 941 962 arma
960 925 1145 976 Mycenis.

162 991 236 1030 Sed
256 991 402 1041 periisse
421 992 529 1029 semel
550 992 633 1029 satis
653 1002 723 1029 est.
782 992 939 1029 Peccare
961 991 1090 1029 fuisset

159 1057 268 1095 Ante
287 1058 385 1103 satis,
405 1059 549 1108 penitus
570 1059 680 1095 modo
701 1073 772 1095 non
793 1072 908 1109 genus
927 1072 1033 1094 omne
1053 1071 1202 1107 perosos

162 1124 385 1161 Femineum.
444 1126 589 1175 Quibus
609 1126 698 1162 haec
719 1125 827 1161 medii
847 1125 981 1162 fiducia
1000 1124 1096 1170 valli,

159 1190 429 1241 Fossarumque
449 1206 583 1236 morae,
612 1191 675 1229 leti
695 1192 902 1229 discrimina
930 1205 1057 1242 parva,

160 1257 268 1293 Dant
288 1257 449 1296 animos:
480 1268 517 1295 at
537 1273 609 1295 non
629 1258 800 1295 viderunt
821 1259 962 1295 moenia
982 1257 1131 1310 Trojae,

160 1322 328 1372 Neptuni
347 1324 524 1361 fabricata
544 1339 666 1369 manu,
686 1325 872 1362 considere
891 1325 926 1360 in
947 1324 1039 1375 ignis
1058 1325 1071 1362 ἓ

162 1390 236 1427 Sed
257 1404 334 1435 vos,
364 1404 387 1427 o
403 1391 514 1429 lecti!
547 1391 643 1428 ferro
664 1392 727 1441 qui
748 1391 909 1428 scindere
929 1390 1062 1429 vallum

159 1459 350 1507 Apparat,
371 1468 408 1495 et
429 1473 571 1495 mecum
591 1458 729 1495 invadit
744 1458 964 1508 trepidantia
983 1469 1100 1495 castra
1116 1459 1129 1495 ἓ

160 1523 247 1560 Non
267 1524 373 1561 armis
391 1525 478 1561 mihi
498 1524 668 1568 Volcani,
687 1538 759 1561 non
780 1523 876 1561 mille
897 1524 1039 1567 carinis,

161 1588 233 1625 Est
253 1603 346 1639 opus
365 1590 400 1626 in
420 1590 604 1627 Teucros.
660 1590 820 1627 Addant
840 1604 876 1627 se
896 1599 1071 1640 protenus
1089 1603 1214 1627 omnes

161 1654 313 1691 Etrusci
334 1656 450 1692 socios
468 1672 479 1701 3
511 1657 678 1693 tenebras
697 1665 735 1693 et
754 1656 882 1693 inertia
901 1655 999 1693 furta

160 1720 326 1765 Palladii,
356 1722 467 1760 caesis
487 1736 648 1760 summae
668 1723 884 1759 custodibus
903 1723 1008 1766 arcis,

160 1787 219 1824 Ne
239 1787 388 1824 timeant
407 1803 418 1833 ;
447 1802 511 1825 nec
532 1789 616 1839 equi
638 1803 744 1826 caeca
764 1789 964 1825 condemur
991 1789 1027 1825 in
1047 1789 1143 1827 alvo.

160 1853 280 1897 Luce,
300 1854 432 1903 palam,
461 1864 601 1893 certum
620 1863 675 1893 cst
695 1855 772 1905 igni
793 1855 1016 1892 circumdare
1034 1869 1169 1892 muros.

159 1918 276 1956 Haud
298 1919 363 1957 sibi
383 1934 465 1957 cum
485 1920 624 1959 Danais
645 1934 733 1964 rem,
755 1920 860 1964 faxo,
877 1931 913 1957 et
929 1922 1026 1971 pube
1044 1921 1211 1972 Pelasga,

161 1985 253 2024 Esse
261 1987 592 2038 putent‚decirnnm
600 2000 692 2037 quos
704 1987 846 2024 distulit
854 1987 1001 2025 Hector
1015 1988 1051 2025 in
1064 2001 1209 2026 annum,

160 2051 270 2089 Nunc
290 2054 394 2098 adeo,
424 2054 550 2092 melior
569 2054 742 2108 quoniam
763 2067 844 2106 pars
864 2064 945 2091 acta
965 2054 1048 2099 diei,

160 2119 274 2168 Quod
291 2129 466 2171 superest,
494 2119 579 2159 laeti
597 2121 687 2158 bene
706 2121 819 2172 gestis
837 2135 991 2171 corpora
1010 2121 1119 2159 rebus

160 2185 373 2231 Preenrate‚
401 2187 465 2223 xiv}
483 2203 492 2231 ς
521 2196 561 2225 et
577 2200 740 2240 pugnam
760 2196 901 2238 sperate
919 2187 1048 2237 parati.
