1455 2685
98 337 129 363 v:
147 326 237 363 662.
411 312 714 362 AENEiDo's
773 323 824 361 x.
1075 314 1152 365 177‘

98 436 219 473 Obvia
241 434 355 473 multa
377 435 490 473 virum
510 435 673 473 demittit
691 446 847 484 corpora
867 433 990 470 morti.

96 502 197 540 Tum
218 502 306 540 levis
327 503 425 540 haud
445 502 540 540 ultra
558 502 713 539 latebras
729 503 802 553 jam
823 501 965 551 quaerit
985 501 1127 552 imago,

95 569 182 613 Sed,-
202 569 353 607 sublime
373 569 510 613 volans,
540 569 627 606 nubi
647 582 684 605 se
709 568 906 606 immiscuit
932 577 1042 606 atrae.

92 637 190 674 Cum
209 637 377 675 Turnum
398 636 519 673 medio
539 636 675 672 interea
695 633 766 672 fert
787 649 945 685 aequore
965 637 1075 673 turbo
1094 651 1105 681 ;

95 703 277 753 Respicit,
298 704 443 754 ignarus
463 716 595 746 rerum,
617 701 859 753 ingratusque
879 701 1020 747 salutis,

93 769 147 806 Et
167 769 323 820 duplicis
342 783 426 806 cum
446 782 536 805 voce
556 782 683 805 manus
703 769 748 805 ad
770 768 886 806 sidera
904 770 1024 806 tendit
1041 785 1051 807 :

92 836 339 886 Omnipotens
359 836 518 887 genitor,
549 838 693 872 tanton'
714 849 770 872 me
788 835 937 872 crimine
953 836 1107 887 dignum

90 905 258 950 Duxisti,
279 913 316 942 ct
336 903 418 941 talis
438 902 584 939 voluisti
605 903 810 952 expendere
831 904 994 953 poenas?

90 973 178 1022 Quo
193 971 312 1009 feror?
323 971 417 1008 unde
431 969 524 1007 abii?
537 983 628 1019 quae
641 983 697 1006 me
709 968 969 1021 fuga,quemve
981 971 1148 1009 reducet?

89 1038 330 1076 Laurentisne
351 1037 483 1074 iterum
503 1050 624 1073 muros
645 1045 709 1072 aut
728 1046 845 1073 castra
865 1036 997 1074 videbo
1016 1038 1029 1074 ?

88 1107 191 1157 Quid
206 1119 331 1142 manus
345 1105 403 1142 illa
419 1104 546 1149 virum,
564 1104 627 1154 qui
644 1117 699 1140 me
716 1117 866 1154 meaque
883 1117 981 1141 arma
997 1105 1115 1142 secuti
1130 1106 1145 1144 ?

87 1175 253 1223 Quosne,
275 1171 399 1209 nefas!
432 1171 548 1208 omnis
569 1170 715 1207 infanda
734 1171 769 1206 in
790 1180 907 1208 morte
929 1171 1089 1222 reliqui?

88 1239 141 1276 Et
162 1253 256 1276 nunc
277 1238 431 1289 palantis
452 1238 570 1282 video,
590 1237 844 1288 gemitumque
864 1238 1062 1274 cadentum

86 1306 263 1357 Accipio.
287 1306 391 1356 Quid
404 1306 499 1357 ago?
519 1313 580 1342 aut
595 1317 687 1354 quae
699 1306 773 1355 jam
790 1304 875 1341 satis
889 1305 959 1341 ima
980 1305 1145 1342 dehiscat

85 1372 206 1410 Terra·
222 1372 336 1410 mihi?
364 1385 427 1409 vos
447 1386 469 1408 o
489 1371 613 1422 potius
634 1370 868 1416 miserescite,
889 1372 1012 1410 venti!

87 1442 129 1478 In
151 1455 272 1491 rupes,
291 1440 327 1477 in
349 1453 445 1485 saxa,
470 1438 614 1492 (volens
634 1452 696 1474 vos
718 1438 869 1476 Turnus
889 1438 1025 1491 adoro)

86 1507 194 1545 Ferte
213 1516 342 1551 ratem,
362 1506 546 1556 saevisque
563 1505 661 1541 vadis
682 1505 870 1542 immittite
897 1506 1033 1556 Syrtis,

83 1575 171 1624 Quo
192 1582 308 1625 neque
328 1587 385 1610 me
408 1572 553 1616 Rutuli,
575 1586 639 1609 nec
661 1572 807 1609 conscia
832 1572 926 1609 fama
951 1582 1138 1623 sequatur.

84 1640 193 1677 Haec
213 1653 428 1683 memorans,
450 1639 568 1675 animo
586 1652 680 1675 nunc
700 1638 788 1682 huc,
808 1650 903 1676 nunc
923 1639 1076 1676 fluctuat
1099 1639 1143 1676 il-

81 1708 147 1745 An
169 1720 244 1744 sese
263 1720 435 1744 mucrone
455 1706 504 1742 ob
525 1715 668 1742 tantum
689 1706 847 1743 dedecus
867 1719 988 1743 amens
1028 1705 1134 1756 [luc:

83 1773 232 1816 Induat,
251 1782 288 1810 et
309 1773 462 1810 crudum
483 1787 549 1823 per
568 1782 688 1810 costas
708 1772 835 1823 exigat
855 1786 976 1810 ensem
996 1788 1006 1817 ς

82 1839 276 1876 Fluctibus
295 1852 339 1876 an
355 1839 465 1890 Jaciat
487 1839 626 1883 mediis,
654 1848 691 1877 et
710 1839 837 1875 littora
857 1839 976 1876 nando

79 1906 203 1945 Curva
215 1914 332 1957 petat,
345 1907 608 1957 Teucrumque
623 1906 756 1943 iterum
773 1920 809 1943 se
826 1907 955 1944 reddat
969 1906 1002 1943 in
1021 1919 1130 1945 arma.

79 1975 157 2012 Ter
176 1983 329 2011 conatus
348 1982 540 2024 utramque
561 1973 651 2010 viam
671 1989 679 2010 :
711 1983 768 2010 ter
788 1974 942 2010 maxima
962 1975 1060 2011 Juno

79 2039 299 2085 Continuit3
325 2042 578 2091 juvenemque,
599 2039 705 2076 animi
720 2040 902 2084 miserata,
920 2041 1103 2090 repressit.

80 2106 241 2144 Labitur
260 2106 333 2144 alta
353 2121 474 2145 secans
496 2108 684 2158 fluctuque
704 2116 880 2157 aestuque
901 2109 1062 2145 secundo
1080 2124 1091 2152 ς

78 2174 131 2211 Et
154 2174 266 2224 patris
286 2174 471 2224 antiquam
492 2174 620 2212 Dauni
635 2174 800 2211 defertur
820 2174 864 2211 ad
886 2176 1025 2212 urbem.

130 2240 191 2277 At
212 2241 313 2278 Jovis
334 2241 469 2279 interea
491 2242 637 2279 monitis
659 2241 874 2280 Mezentius
899 2242 1025 2278 ardens

130 2306 243 2345 ῬΟΜ.
269 2307 326 2345 ΙΙ.
600 2310 633 2345 Ζ
