1455 2685
233 329 286 377 54
526 325 828 365 AENEIDos
884 326 959 363 VI.
1137 340 1171 366 v.
1184 327 1278 368 577.

232 436 380 475 Saevior
397 436 494 475 intus
513 438 623 475 habet
644 438 763 475 sedem
779 453 789 476 ε
819 447 899 475 tum
918 436 1097 475 Tartarus
1116 437 1193 488 ipse

229 504 293 542 Bis
306 513 409 554 patet
424 505 458 541 in
473 519 647 555 praeceps
661 514 817 549 tantum,
831 505 1021 555 tenditque
1036 504 1104 541 sub
1118 505 1276 551 umbras,

228 573 400 622 Quantus
420 572 464 608 ad
485 571 683 608 aetherium
702 571 793 609 coeli
816 580 1005 621 suspectus
1026 571 1243 622 Olympum.

281 639 361 676 Hic
381 652 495 690 genus
515 638 706 688 antiquum
724 647 851 682 terrae,
872 638 1022 676 Titania
1040 639 1170 688 pubes,

227 705 395 744 Fulmine
415 705 560 756 dejecti,
580 705 694 742 fundo
715 704 910 742 volvuntur
928 705 962 742 in
983 705 1069 742 imo.

227 772 308 811 Hic
328 782 366 809 et
385 771 542 811 Alo'i'das
561 772 738 823 geminos,
766 771 944 817 immania,
965 771 1050 816 vidi,

225 842 390 890 Corpora
409 854 418 877 ε
449 838 512 889 qui
531 839 696 876 manibus
715 852 887 890 magnum
907 839 1107 876 rescindere
1132 839 1274 877 coelum

223 906 424 957 Aggoessi,
445 905 654 958 superisque
672 907 801 944 Jovem
821 906 1014 943 detrudere
1033 905 1166 957 regnis.

223 974 311 1011 Vidi
331 983 368 1010 et
388 973 543 1011 crudelis
563 973 712 1011 dantem
734 973 924 1011 Salmonea
939 986 1087 1023 poenas,

221 1041 328 1079 Dum
347 1040 505 1078 flammas
524 1040 638 1084 Jovis,
665 1049 703 1077 et
723 1040 860 1078 sonitus
879 1040 1044 1077 imitatur
1066 1039 1233 1090 Olympi.

224 1109 398 1158 Quatuor
415 1107 475 1145 hic
495 1107 658 1145 invectus
677 1107 792 1157 equis,
811 1116 848 1144 et
868 1107 1033 1157 lampada
1054 1121 1236 1157 quassans,

223 1174 296 1213 Per
316 1174 471 1213 Graium
492 1174 663 1224 populos,
679 1174 889 1223 mediaeque
909 1188 973 1224 per
995 1173 1114 1212 Elidis
1135 1175 1276 1219 urbem,

224 1242 311 1279 Ibat
330 1256 453 1287 ovans,
473 1241 669 1292 divomque
689 1241 756 1278 sibi
775 1242 950 1291 poscebat
965 1241 1166 1281 honorem:

221 1309 386 1347 Demens
404 1311 412 1347 !
445 1308 507 1359 qui
527 1308 668 1346 nimbos
687 1317 724 1346 et
744 1322 815 1345 non
836 1308 1009 1346 imitabile
1031 1308 1168 1346 fulmen

221 1375 324 1413 Aere
343 1384 379 1412 et
399 1375 637 1425 cornipedum
657 1375 764 1427 pulsu
784 1375 965 1412 simularat
984 1390 1175 1426 equorum.

221 1443 284 1480 At
304 1451 408 1492 pater
425 1442 654 1493 omnipotens
673 1442 783 1479 densa
798 1442 894 1480 inter
914 1442 1036 1479 nubila
1055 1442 1169 1479 telum

223 1509 412 1547 Contors‘rt
432 1524 441 1555 ;
471 1524 541 1546 non
562 1509 621 1546 ille
641 1508 750 1553 faces,
780 1523 846 1546 nec
868 1508 987 1546 fumea
1007 1510 1122 1546 taedis

223 1576 408 1619 Lumiua3
439 1576 748 1626 praecipitemque
769 1575 913 1612 immani
933 1576 1079 1613 turbine
1094 1577 1230 1628 adegit.

223 1643 304 1680 Nec
324 1657 393 1679 non
413 1651 451 1679 et
470 1642 628 1692 Tityon,
650 1643 786 1680 Terrae
802 1642 1061 1692 omniparentis
1075 1643 1274 1690 alumnum,

223 1710 380 1747 Cernere
398 1718 475 1746 erat
491 1723 500 1746 x
532 1723 598 1758 per
616 1717 698 1746 tota
717 1723 846 1746 novem
866 1709 925 1746 cui
940 1711 1069 1760 jugera
1089 1724 1221 1762 corpus

224 1774 432 1826 Porrigitur
449 1791 460 1821 ;
486 1784 679 1825 rostroque
700 1776 861 1813 immanis
881 1775 1002 1813 voltur
1021 1777 1167 1814 obunco

223 1841 433 1879 Immortale
447 1844 551 1893 jecur
569 1842 737 1886 tondens,
757 1842 1010 1893 foecundaque
1030 1844 1155 1893 poenis

221 1908 386 1953 Viscera,
406 1909 629 1960 rimaturque
647 1909 777 1960 epulis,
797 1909 1014 1959 habitatque
1034 1911 1101 1947 sub
1122 1910 1197 1948 alto

224 1977 378 2013 Pectore
400 1991 410 2021 ;
440 1990 505 2013 nec
525 1976 624 2013 fibris
646 1976 786 2026 requies
806 1976 915 2013 datur
934 1975 1007 2013 ulla
1026 1977 1169 2014 renatis.

222 2041 324 2090 Quid
345 2055 538 2078 memorem
561 2041 756 2091 Lapithas,
775 2041 917 2085 Ixiona,
939 2042 1217 2093 Pirithoumque
1235 2045 1247 2082 ’Ξ

222 2110 328 2158 Quos
347 2122 455 2158 super
473 2117 551 2145 atra
571 2107 658 2145 silex
674 2110 747 2159 jam
763 2110 837 2160 jam
853 2107 1009 2158 lapsura,
1030 2110 1246 2161 cadentique

224 2173 394 2212 Imminet
413 2173 600 2211 assimilis:
631 2173 754 2211 lucent
775 2173 975 2224 genialibus
994 2174 1075 2212 altis

227 2240 352 2278 Aurea
370 2239 487 2278 fulcra
505 2240 609 2285 toris,
636 2239 835 2291 epulaeque
854 2250 937 2279 ante
956 2255 1018 2279 ora
1038 2251 1184 2291 paratae
