<?xml version="1.0" encoding="UTF-8"?>
<!DOCTYPE html PUBLIC "-//W3C//DTD XHTML 1.0 Transitional//EN"
    "http://www.w3.org/TR/xhtml1/DTD/xhtml1-transitional.dtd">
<html xmlns="http://www.w3.org/1999/xhtml" xml:lang="en" lang="en">
 <head>
  <title>
</title>
<meta http-equiv="Content-Type" content="text/html;charset=utf-8" />
  <meta name='ocr-system' content='tesseract 3.04.00' />
  <meta name='ocr-capabilities' content='ocr_page ocr_carea ocr_par ocr_line ocrx_word'/>
</head>
<body>
  <div class='ocr_page' id='page_1' title='image "./operahun02virguoft_0161.png"; bbox 0 0 1455 2685; ppageno 0'>
   <div class='ocr_carea' id='block_1_1' title="bbox 325 485 959 527">
    <p class='ocr_par' dir='ltr' id='par_1_1' title="bbox 325 485 959 527">
     <span class='ocr_line' id='line_1_1' title="bbox 325 485 959 527; baseline 0 -2"><span class='ocrx_word' id='word_1_1' title='bbox 325 488 367 525; x_wconf 91' lang='lat' dir='ltr'><strong>P.</strong></span> <span class='ocrx_word' id='word_1_2' title='bbox 397 486 658 526; x_wconf 89' lang='lat' dir='ltr'>VIRGILII</span> <span class='ocrx_word' id='word_1_3' title='bbox 687 485 959 527; x_wconf 83' lang='lat' dir='ltr'>MARONIS</span> 
     </span>
    </p>
   </div>
   <div class='ocr_carea' id='block_1_2' title="bbox 151 650 1143 716">
    <p class='ocr_par' dir='ltr' id='par_1_2' title="bbox 151 650 1143 716">
     <span class='ocr_line' id='line_1_2' title="bbox 151 650 1143 716; baseline 0 -1"><span class='ocrx_word' id='word_1_4' title='bbox 151 650 1143 716; x_wconf 64' lang='lat' dir='ltr'><strong>AENEJDUS</strong></span> 
     </span>
    </p>
   </div>
   <div class='ocr_carea' id='block_1_3' title="bbox 499 839 788 877">
    <p class='ocr_par' dir='ltr' id='par_1_3' title="bbox 499 839 788 877">
     <span class='ocr_line' id='line_1_3' title="bbox 499 839 788 877; baseline 0 0"><span class='ocrx_word' id='word_1_5' title='bbox 499 839 679 877; x_wconf 82' lang='lat' dir='ltr'>LIBER</span> <span class='ocrx_word' id='word_1_6' title='bbox 736 840 788 877; x_wconf 90' lang='lat' dir='ltr'><strong>X.</strong></span> 
     </span>
    </p>
   </div>
   <div class='ocr_carea' id='block_1_4' title="bbox 112 1071 1172 2272">
    <p class='ocr_par' dir='ltr' id='par_1_4' title="bbox 112 1071 1172 2272">
     <span class='ocr_line' id='line_1_4' title="bbox 117 1071 1128 1135; baseline -0.001 -13"><span class='ocrx_word' id='word_1_7' title='bbox 117 1071 345 1122; x_wconf 64' lang='lat' dir='ltr'><strong>PANm‘rUR</strong></span> <span class='ocrx_word' id='word_1_8' title='bbox 368 1083 503 1121; x_wconf 86' lang='lat' dir='ltr'><strong>interea</strong></span> <span class='ocrx_word' id='word_1_9' title='bbox 523 1084 654 1120; x_wconf 87' lang='lat' dir='ltr'><strong>domus</strong></span> <span class='ocrx_word' id='word_1_10' title='bbox 673 1084 935 1134; x_wconf 85' lang='lat' dir='ltr'><strong>omnipotentis</strong></span> <span class='ocrx_word' id='word_1_11' title='bbox 958 1083 1128 1135; x_wconf 83' lang='lat' dir='ltr'><strong>Olympi,</strong></span> 
     </span>
     <span class='ocr_line' id='line_1_5' title="bbox 116 1150 1172 1202; baseline 0.001 -14"><span class='ocrx_word' id='word_1_12' title='bbox 116 1151 397 1202; x_wconf 87' lang='lat' dir='ltr'><strong>Conciliumque</strong></span> <span class='ocrx_word' id='word_1_13' title='bbox 422 1159 529 1188; x_wconf 77' lang='lat' dir='ltr'><strong>vocat</strong></span> <span class='ocrx_word' id='word_1_14' title='bbox 557 1150 678 1187; x_wconf 87' lang='lat' dir='ltr'><strong>divom</strong></span> <span class='ocrx_word' id='word_1_15' title='bbox 707 1160 811 1202; x_wconf 86' lang='lat' dir='ltr'><strong>pater</strong></span> <span class='ocrx_word' id='word_1_16' title='bbox 840 1159 953 1201; x_wconf 84' lang='lat' dir='ltr'><strong>atque</strong></span> <span class='ocrx_word' id='word_1_17' title='bbox 980 1151 1172 1189; x_wconf 84' lang='lat' dir='ltr'><strong>hominum</strong></span> 
     </span>
     <span class='ocr_line' id='line_1_6' title="bbox 118 1217 1168 1268; baseline -0.001 -13"><span class='ocrx_word' id='word_1_18' title='bbox 118 1218 300 1255; x_wconf 83' lang='lat' dir='ltr'><strong>Sideream</strong></span> <span class='ocrx_word' id='word_1_19' title='bbox 312 1217 346 1254; x_wconf 85' lang='lat' dir='ltr'><strong>iu</strong></span> <span class='ocrx_word' id='word_1_20' title='bbox 361 1217 481 1255; x_wconf 85' lang='lat' dir='ltr'><strong>sedem</strong></span> <span class='ocrx_word' id='word_1_21' title='bbox 501 1233 510 1255; x_wconf 89' lang='lat'>:</span> <span class='ocrx_word' id='word_1_22' title='bbox 533 1226 646 1254; x_wconf 83' lang='lat' dir='ltr'><strong>terras</strong></span> <span class='ocrx_word' id='word_1_23' title='bbox 663 1218 757 1255; x_wconf 86' lang='lat' dir='ltr'><strong>unde</strong></span> <span class='ocrx_word' id='word_1_24' title='bbox 770 1218 904 1255; x_wconf 86' lang='lat' dir='ltr'><strong>arduus</strong></span> <span class='ocrx_word' id='word_1_25' title='bbox 920 1231 1060 1262; x_wconf 87' lang='lat' dir='ltr'><strong>omnes,</strong></span> <span class='ocrx_word' id='word_1_26' title='bbox 1082 1220 1168 1268; x_wconf 72' lang='lat' dir='ltr'><strong>[rex</strong></span> 
     </span>
     <span class='ocr_line' id='line_1_7' title="bbox 115 1283 1170 1335; baseline -0.003 -12"><span class='ocrx_word' id='word_1_27' title='bbox 115 1287 315 1335; x_wconf 85' lang='lat' dir='ltr'><strong>Castraque</strong></span> <span class='ocrx_word' id='word_1_28' title='bbox 323 1284 579 1322; x_wconf 82' lang='lat' dir='ltr'><strong>Dardanidum</strong></span> <span class='ocrx_word' id='word_1_29' title='bbox 595 1285 801 1334; x_wconf 81' lang='lat' dir='ltr'><strong>adspectat,</strong></span> <span class='ocrx_word' id='word_1_30' title='bbox 813 1283 1045 1335; x_wconf 88' lang='lat' dir='ltr'><strong>populosque</strong></span> <span class='ocrx_word' id='word_1_31' title='bbox 1063 1283 1170 1320; x_wconf 86' lang='lat' dir='ltr'><strong>Lati-</strong></span> 
     </span>
     <span class='ocr_line' id='line_1_8' title="bbox 115 1350 1167 1401; baseline -0.003 -12"><span class='ocrx_word' id='word_1_32' title='bbox 115 1351 323 1389; x_wconf 88' lang='lat' dir='ltr'><strong>Considunt</strong></span> <span class='ocrx_word' id='word_1_33' title='bbox 344 1351 452 1388; x_wconf 84' lang='lat' dir='ltr'><strong>tectis</strong></span> <span class='ocrx_word' id='word_1_34' title='bbox 466 1351 716 1401; x_wconf 84' lang='lat' dir='ltr'><strong>bipatentibus</strong></span> <span class='ocrx_word' id='word_1_35' title='bbox 735 1366 742 1388; x_wconf 90' lang='lat'><strong>:</strong></span> <span class='ocrx_word' id='word_1_36' title='bbox 767 1350 894 1400; x_wconf 84' lang='lat' dir='ltr'><strong>incipit</strong></span> <span class='ocrx_word' id='word_1_37' title='bbox 910 1350 986 1400; x_wconf 88' lang='lat' dir='ltr'><strong>ipse</strong></span> <span class='ocrx_word' id='word_1_38' title='bbox 1004 1364 1014 1387; x_wconf 90' lang='lat'><strong>:</strong></span> <span class='ocrx_word' id='word_1_39' title='bbox 1065 1353 1167 1400; x_wconf 81' lang='lat' dir='ltr'><strong>[nos.</strong></span> 
     </span>
     <span class='ocr_line' id='line_1_9' title="bbox 168 1417 1062 1468; baseline -0.003 -11"><span class='ocrx_word' id='word_1_40' title='bbox 168 1417 375 1457; x_wconf 87' lang='lat' dir='ltr'><strong>Coelicolae</strong></span> <span class='ocrx_word' id='word_1_41' title='bbox 395 1418 531 1468; x_wconf 82' lang='lat' dir='ltr'><strong>magni,</strong></span> <span class='ocrx_word' id='word_1_42' title='bbox 552 1418 637 1467; x_wconf 85' lang='lat' dir='ltr'><strong>quia</strong></span> <span class='ocrx_word' id='word_1_43' title='bbox 656 1431 737 1455; x_wconf 86' lang='lat' dir='ltr'><strong>nam</strong></span> <span class='ocrx_word' id='word_1_44' title='bbox 763 1417 939 1455; x_wconf 80' lang='lat' dir='ltr'><strong>sententia</strong></span> <span class='ocrx_word' id='word_1_45' title='bbox 958 1417 1062 1454; x_wconf 82' lang='lat' dir='ltr'><strong>vobis</strong></span> 
     </span>
     <span class='ocr_line' id='line_1_10' title="bbox 115 1484 1094 1534; baseline 0.002 -13"><span class='ocrx_word' id='word_1_46' title='bbox 115 1486 231 1523; x_wconf 87' lang='lat' dir='ltr'><strong>Versa</strong></span> <span class='ocrx_word' id='word_1_47' title='bbox 250 1494 362 1529; x_wconf 87' lang='lat' dir='ltr'><strong>retro,</strong></span> <span class='ocrx_word' id='word_1_48' title='bbox 382 1493 599 1534; x_wconf 87' lang='lat' dir='ltr'><strong>tantumque</strong></span> <span class='ocrx_word' id='word_1_49' title='bbox 619 1484 744 1521; x_wconf 80' lang='lat' dir='ltr'><strong>animis</strong></span> <span class='ocrx_word' id='word_1_50' title='bbox 763 1485 910 1521; x_wconf 85' lang='lat' dir='ltr'><strong>certatis</strong></span> <span class='ocrx_word' id='word_1_51' title='bbox 930 1484 1062 1534; x_wconf 86' lang='lat' dir='ltr'><strong>iniquis</strong></span> <span class='ocrx_word' id='word_1_52' title='bbox 1079 1486 1094 1523; x_wconf 76' lang='grc' dir='ltr'><strong><em>ἓ</em></strong></span> 
     </span>
     <span class='ocr_line' id='line_1_11' title="bbox 114 1551 1058 1590; baseline -0.001 -1"><span class='ocrx_word' id='word_1_53' title='bbox 114 1553 333 1590; x_wconf 83' lang='lat' dir='ltr'><strong>Abnueram</strong></span> <span class='ocrx_word' id='word_1_54' title='bbox 353 1551 450 1589; x_wconf 88' lang='lat' dir='ltr'><strong>bello</strong></span> <span class='ocrx_word' id='word_1_55' title='bbox 474 1551 618 1588; x_wconf 87' lang='lat' dir='ltr'><strong>Italiam</strong></span> <span class='ocrx_word' id='word_1_56' title='bbox 638 1566 854 1590; x_wconf 85' lang='lat' dir='ltr'><strong>concurrere</strong></span> <span class='ocrx_word' id='word_1_57' title='bbox 874 1551 1031 1590; x_wconf 83' lang='lat' dir='ltr'><strong>Teucris</strong></span> <span class='ocrx_word' id='word_1_58' title='bbox 1049 1567 1058 1589; x_wconf 92' lang='lat'><strong>:</strong></span> 
     </span>
     <span class='ocr_line' id='line_1_12' title="bbox 113 1618 1167 1670; baseline 0 -14"><span class='ocrx_word' id='word_1_59' title='bbox 113 1620 220 1670; x_wconf 79' lang='lat' dir='ltr'><strong>Quae</strong></span> <span class='ocrx_word' id='word_1_60' title='bbox 235 1628 363 1656; x_wconf 83' lang='lat' dir='ltr'><strong>contra</strong></span> <span class='ocrx_word' id='word_1_61' title='bbox 379 1618 533 1656; x_wconf 88' lang='lat' dir='ltr'><strong>vetitum</strong></span> <span class='ocrx_word' id='word_1_62' title='bbox 548 1619 730 1655; x_wconf 80' lang='lat' dir='ltr'><strong>discordia</strong></span> <span class='ocrx_word' id='word_1_63' title='bbox 749 1620 761 1656; x_wconf 83' lang='lat'>?</span> <span class='ocrx_word' id='word_1_64' title='bbox 782 1619 863 1669; x_wconf 88' lang='lat' dir='ltr'><strong>quis</strong></span> <span class='ocrx_word' id='word_1_65' title='bbox 877 1627 994 1656; x_wconf 82' lang='lat' dir='ltr'><strong>metus</strong></span> <span class='ocrx_word' id='word_1_66' title='bbox 1007 1628 1071 1656; x_wconf 87' lang='lat' dir='ltr'><strong>aut</strong></span> <span class='ocrx_word' id='word_1_67' title='bbox 1085 1619 1167 1665; x_wconf 87' lang='lat' dir='ltr'><strong>hos,</strong></span> 
     </span>
     <span class='ocr_line' id='line_1_13' title="bbox 113 1684 1126 1741; baseline 0 -17"><span class='ocrx_word' id='word_1_68' title='bbox 113 1687 201 1724; x_wconf 88' lang='lat' dir='ltr'><strong>Aut</strong></span> <span class='ocrx_word' id='word_1_69' title='bbox 220 1686 301 1732; x_wconf 83' lang='lat' dir='ltr'><strong>hos,</strong></span> <span class='ocrx_word' id='word_1_70' title='bbox 329 1685 547 1741; x_wconf 31' lang='lat' dir='ltr'><strong>arma-sequi</strong></span> <span class='ocrx_word' id='word_1_71' title='bbox 568 1684 777 1735; x_wconf 88' lang='lat' dir='ltr'><strong>ferrumque</strong></span> <span class='ocrx_word' id='word_1_72' title='bbox 790 1684 964 1723; x_wconf 84' lang='lat' dir='ltr'>lacessere</span> <span class='ocrx_word' id='word_1_73' title='bbox 985 1686 1095 1723; x_wconf 82' lang='lat' dir='ltr'><strong>suasit</strong></span> <span class='ocrx_word' id='word_1_74' title='bbox 1113 1687 1126 1724; x_wconf 72' lang='grc' dir='ltr'><strong><em>ἓ</em></strong></span> 
     </span>
     <span class='ocr_line' id='line_1_14' title="bbox 113 1751 1082 1804; baseline 0 -14"><span class='ocrx_word' id='word_1_75' title='bbox 113 1753 302 1791; x_wconf 85' lang='lat' dir='ltr'><strong>Adveniet</strong></span> <span class='ocrx_word' id='word_1_76' title='bbox 316 1754 457 1804; x_wconf 90' lang='lat' dir='ltr'><strong>justum</strong></span> <span class='ocrx_word' id='word_1_77' title='bbox 477 1766 636 1804; x_wconf 83' lang='lat' dir='ltr'><strong>pugnae,</strong></span> <span class='ocrx_word' id='word_1_78' title='bbox 656 1767 700 1790; x_wconf 89' lang='lat' dir='ltr'><strong>ne</strong></span> <span class='ocrx_word' id='word_1_79' title='bbox 720 1751 902 1798; x_wconf 83' lang='lat' dir='ltr'><strong>arcessite,</strong></span> <span class='ocrx_word' id='word_1_80' title='bbox 922 1762 1082 1803; x_wconf 85' lang='lat' dir='ltr'><strong>tempus,</strong></span> 
     </span>
     <span class='ocr_line' id='line_1_15' title="bbox 114 1818 988 1871; baseline -0.005 -11"><span class='ocrx_word' id='word_1_81' title='bbox 114 1821 210 1860; x_wconf 89' lang='lat' dir='ltr'><strong>Cum</strong></span> <span class='ocrx_word' id='word_1_82' title='bbox 230 1819 306 1857; x_wconf 86' lang='lat' dir='ltr'><strong>fera</strong></span> <span class='ocrx_word' id='word_1_83' title='bbox 326 1819 516 1871; x_wconf 84' lang='lat' dir='ltr'><strong>Carthago</strong></span> <span class='ocrx_word' id='word_1_84' title='bbox 540 1819 715 1856; x_wconf 86' lang='lat' dir='ltr'><strong>Romanis</strong></span> <span class='ocrx_word' id='word_1_85' title='bbox 735 1820 880 1856; x_wconf 85' lang='lat' dir='ltr'><strong>arcibus</strong></span> <span class='ocrx_word' id='word_1_86' title='bbox 899 1818 988 1856; x_wconf 86' lang='lat' dir='ltr'><strong>olim</strong></span> 
     </span>
     <span class='ocr_line' id='line_1_16' title="bbox 114 1875 1109 1939; baseline -0.001 -13"><span class='ocrx_word' id='word_1_87' title='bbox 114 1888 283 1926; x_wconf 84' lang='lat' dir='ltr'><strong>Exitium</strong></span> <span class='ocrx_word' id='word_1_88' title='bbox 302 1900 475 1939; x_wconf 85' lang='lat' dir='ltr'><strong>magnum</strong></span> <span class='ocrx_word' id='word_1_89' title='bbox 493 1895 604 1937; x_wconf 86' lang='lat' dir='ltr'><strong>atque</strong></span> <span class='ocrx_word' id='word_1_90' title='bbox 625 1875 745 1936; x_wconf 80' lang='lat' dir='ltr'><strong>Alpes</strong></span> <span class='ocrx_word' id='word_1_91' title='bbox 761 1887 935 1924; x_wconf 80' lang='lat' dir='ltr'><strong>immittet</strong></span> <span class='ocrx_word' id='word_1_92' title='bbox 954 1895 1109 1937; x_wconf 80' lang='lat' dir='ltr'><strong>apertaS.</strong></span> 
     </span>
     <span class='ocr_line' id='line_1_17' title="bbox 112 1952 1032 2003; baseline -0.001 -10"><span class='ocrx_word' id='word_1_93' title='bbox 112 1955 215 1993; x_wconf 91' lang='lat' dir='ltr'><strong>Tum</strong></span> <span class='ocrx_word' id='word_1_94' title='bbox 234 1963 373 1992; x_wconf 80' lang='lat' dir='ltr'><strong>certare</strong></span> <span class='ocrx_word' id='word_1_95' title='bbox 392 1953 499 1999; x_wconf 88' lang='lat' dir='ltr'><strong>odiis,</strong></span> <span class='ocrx_word' id='word_1_96' title='bbox 527 1962 607 1990; x_wconf 88' lang='lat' dir='ltr'><strong>tum</strong></span> <span class='ocrx_word' id='word_1_97' title='bbox 628 1967 684 1990; x_wconf 88' lang='lat' dir='ltr'><strong>res</strong></span> <span class='ocrx_word' id='word_1_98' title='bbox 705 1953 862 2003; x_wconf 84' lang='lat' dir='ltr'><strong>rapuisse</strong></span> <span class='ocrx_word' id='word_1_99' title='bbox 882 1952 1032 1992; x_wconf 84' lang='lat' dir='ltr'><strong>licebit:</strong></span> 
     </span>
     <span class='ocr_line' id='line_1_18' title="bbox 113 2019 1136 2071; baseline -0.001 -12"><span class='ocrx_word' id='word_1_100' title='bbox 113 2022 223 2060; x_wconf 89' lang='lat' dir='ltr'><strong>Nunc</strong></span> <span class='ocrx_word' id='word_1_101' title='bbox 244 2021 347 2058; x_wconf 82' lang='lat' dir='ltr'><strong>sinite</strong></span> <span class='ocrx_word' id='word_1_102' title='bbox 365 2036 375 2066; x_wconf 91' lang='lat'>;</span> <span class='ocrx_word' id='word_1_103' title='bbox 403 2030 441 2058; x_wconf 86' lang='lat' dir='ltr'><strong>ct</strong></span> <span class='ocrx_word' id='word_1_104' title='bbox 461 2020 639 2071; x_wconf 85' lang='lat' dir='ltr'><strong>placitum</strong></span> <span class='ocrx_word' id='word_1_105' title='bbox 659 2019 744 2057; x_wconf 78' lang='lat' dir='ltr'><strong>laeti</strong></span> <span class='ocrx_word' id='word_1_106' title='bbox 763 2020 974 2070; x_wconf 87' lang='lat' dir='ltr'><strong>componite</strong></span> <span class='ocrx_word' id='word_1_107' title='bbox 994 2019 1136 2058; x_wconf 85' lang='lat' dir='ltr'><strong>foedus.</strong></span> 
     </span>
     <span class='ocr_line' id='line_1_19' title="bbox 164 2087 1165 2138; baseline -0.002 -12"><span class='ocrx_word' id='word_1_108' title='bbox 164 2088 311 2138; x_wconf 84' lang='lat' dir='ltr'><strong>Jupiter</strong></span> <span class='ocrx_word' id='word_1_109' title='bbox 330 2088 419 2125; x_wconf 82' lang='lat' dir='ltr'><strong>haec</strong></span> <span class='ocrx_word' id='word_1_110' title='bbox 439 2087 564 2138; x_wconf 86' lang='lat' dir='ltr'><strong>paucis</strong></span> <span class='ocrx_word' id='word_1_111' title='bbox 581 2103 591 2126; x_wconf 71' lang='grc' dir='ltr'><strong><em>ι</em></strong></span> <span class='ocrx_word' id='word_1_112' title='bbox 621 2096 658 2125; x_wconf 84' lang='lat' dir='ltr'><strong>at</strong></span> <span class='ocrx_word' id='word_1_113' title='bbox 679 2102 749 2124; x_wconf 85' lang='lat' dir='ltr'><strong>non</strong></span> <span class='ocrx_word' id='word_1_114' title='bbox 769 2088 898 2125; x_wconf 85' lang='lat' dir='ltr'><strong>Venus</strong></span> <span class='ocrx_word' id='word_1_115' title='bbox 913 2101 1018 2124; x_wconf 83' lang='lat' dir='ltr'><strong>aurea</strong></span> <span class='ocrx_word' id='word_1_116' title='bbox 1037 2097 1165 2125; x_wconf 82' lang='lat' dir='ltr'><strong>contra</strong></span> 
     </span>
     <span class='ocr_line' id='line_1_20' title="bbox 115 2153 392 2193; baseline 0.004 -1"><span class='ocrx_word' id='word_1_117' title='bbox 115 2156 236 2192; x_wconf 82' lang='lat' dir='ltr'><strong>Pauca</strong></span> <span class='ocrx_word' id='word_1_118' title='bbox 256 2153 364 2191; x_wconf 83' lang='lat' dir='ltr'><strong>refert</strong></span> <span class='ocrx_word' id='word_1_119' title='bbox 382 2170 392 2193; x_wconf 90' lang='lat'><strong>:</strong></span> 
     </span>
     <span class='ocr_line' id='line_1_21' title="bbox 113 2221 1129 2272; baseline -0.003 -12"><span class='ocrx_word' id='word_1_120' title='bbox 113 2222 149 2260; x_wconf 92' lang='lat' dir='ltr'>O</span> <span class='ocrx_word' id='word_1_121' title='bbox 173 2222 298 2259; x_wconf 82' lang='lat' dir='ltr'><strong>Pater!</strong></span> <span class='ocrx_word' id='word_1_122' title='bbox 327 2235 350 2258; x_wconf 91' lang='lat'>0</span> <span class='ocrx_word' id='word_1_123' title='bbox 366 2221 552 2259; x_wconf 87' lang='lat' dir='ltr'><strong>hominum</strong></span> <span class='ocrx_word' id='word_1_124' title='bbox 567 2222 761 2272; x_wconf 86' lang='lat' dir='ltr'><strong>divomque</strong></span> <span class='ocrx_word' id='word_1_125' title='bbox 777 2231 921 2259; x_wconf 82' lang='lat' dir='ltr'><strong>aeterna</strong></span> <span class='ocrx_word' id='word_1_126' title='bbox 941 2230 1104 2272; x_wconf 79' lang='lat' dir='ltr'><strong>potestas</strong></span> <span class='ocrx_word' id='word_1_127' title='bbox 1121 2224 1129 2257; x_wconf 90' lang='lat'>!</span> 
     </span>
    </p>
   </div>
   <div class='ocr_carea' id='block_1_5' title="bbox 114 2287 1165 2393">
    <p class='ocr_par' dir='ltr' id='par_1_5' title="bbox 114 2287 1165 2393">
     <span class='ocr_line' id='line_1_22' title="bbox 114 2287 1165 2341; baseline -0.001 -14"><span class='ocrx_word' id='word_1_128' title='bbox 114 2289 284 2338; x_wconf 81' lang='lat' dir='ltr'><strong>Namque</strong></span> <span class='ocrx_word' id='word_1_129' title='bbox 297 2287 394 2326; x_wconf 85' lang='lat' dir='ltr'><strong>aliud</strong></span> <span class='ocrx_word' id='word_1_130' title='bbox 408 2289 495 2341; x_wconf 88' lang='lat' dir='ltr'><strong>quid</strong></span> <span class='ocrx_word' id='word_1_131' title='bbox 507 2289 755 2340; x_wconf 83' lang='lat' dir='ltr'><strong>sit,quodjam</strong></span> <span class='ocrx_word' id='word_1_132' title='bbox 768 2289 961 2340; x_wconf 82' lang='lat' dir='ltr'><strong>implorare</strong></span> <span class='ocrx_word' id='word_1_133' title='bbox 975 2289 1165 2340; x_wconf 61' lang='lat' dir='ltr'><strong>queamus?</strong></span> 
     </span>
     <span class='ocr_line' id='line_1_23' title="bbox 166 2353 681 2393; baseline -0.002 -2"><span class='ocrx_word' id='word_1_134' title='bbox 166 2353 231 2392; x_wconf 85' lang='lat' dir='ltr'><strong>To</strong></span> <span class='ocrx_word' id='word_1_135' title='bbox 240 2368 266 2392; x_wconf 85' lang='lat' dir='ltr'>M</span> <span class='ocrx_word' id='word_1_136' title='bbox 274 2382 283 2392; x_wconf 84' lang='lat'><strong>.</strong></span> <span class='ocrx_word' id='word_1_137' title='bbox 308 2355 363 2393; x_wconf 86' lang='grc' dir='ltr'><strong>ΙΙ.</strong></span> <span class='ocrx_word' id='word_1_138' title='bbox 640 2356 681 2391; x_wconf 82' lang='grc' dir='ltr'>Π</span> 
     </span>
    </p>
   </div>
  </div>
 </body>
</html>
