1455 2685
139 357 178 385 w.
199 349 292 386 633.
455 345 762 384 AENEIDOS
819 346 919 383 VII.
1144 349 1198 386 89

147 459 364 497 Umbonum
385 458 493 495 cratis
512 473 521 496 :
553 457 611 495 alii
631 457 798 495 thoracas
818 459 941 502 n‘e'nos,

145 525 232 563 Aut
252 525 340 562 levis
360 539 484 562 ocreas
516 525 616 562 lento
636 526 778 562 ducunt
798 534 965 575 argento.

146 592 320 630 Vomeris
340 592 412 629 huc
432 601 469 629 et
490 591 591 629 falcis
610 591 740 635 honos,
769 591 841 628 huc
859 591 978 628 omnis
997 592 1106 628 aratri

141 658 260 697 Cessit
280 671 405 696 amor:
435 666 642 707 recoquunt
662 657 800 708 patrios
820 658 1028 695 fornacibus
1049 658 1155 697 ensis.

143 725 305 764 Classica
319 727 467 778 jamque
488 735 642 770 sonant3
673 726 701 762 it
719 725 815 762 bello
836 735 971 762 tessera
991 726 1148 777 signum.

141 792 221 830 Hic
239 791 379 843 galeam
399 792 508 829 tectis
527 792 692 842 trepidus
712 793 808 843 rapit
827 808 836 838 3
867 792 926 829 ille
947 792 1136 830 frementis

141 861 308 913 Adjuga
320 859 424 911 cogit
438 873 552 910 equos
568 875 578 905 ;
592 859 836 909 clipeumque,
853 873 1016 910 auroque
1032 859 1189 896 trilicem

142 927 330 970 Loricam,
357 927 534 971 induitur,
564 927 713 977 fidoque
733 927 941 978 accingitur
960 941 1056 964 ense.

185 994 339 1032 Pandite
355 1008 449 1031 nunc
467 993 665 1038 Helicona,
683 993 801 1039 Deae,
818 1003 1022 1044 cantusque
1035 1002 1194 1040 movete,

140 1061 217 1111 Qui
235 1061 332 1098 bello
347 1061 458 1098 exciti
478 1075 582 1112 reges
601 1077 611 1106 ;
641 1073 734 1111 quae
754 1075 936 1111 quemque
953 1070 1100 1098 secutae

137 1127 368 1178 Complerint
388 1141 537 1178 campos
557 1128 651 1165 acies
669 1143 679 1173 ;
710 1127 844 1177 quibus
866 1127 961 1164 Itala
977 1129 1050 1179 jam
1072 1136 1153 1165 tum

141 1194 324 1232 Flor'uerit
346 1203 442 1232 terra
462 1195 555 1232 alma
575 1196 671 1239 viris,
701 1195 835 1244 quibus
855 1194 982 1231 arserit
1001 1194 1108 1230 armis
1126 1209 1136 1231 :

139 1261 194 1299 Et
213 1261 426 1299 meministis
445 1262 553 1306 enim,
576 1262 708 1305 Divae,
729 1270 765 1299 et
787 1275 985 1298 memorare
1005 1260 1160 1310 potestis
1177 1276 1189 1306 ;

137 1327 207 1365 Ad
226 1341 291 1365 nos
311 1329 368 1365 vix
389 1328 507 1366 tenuis
528 1328 642 1365 famae
662 1328 864 1378 perlabitur
883 1341 980 1366 aura.

189 1395 334 1453 Primus
353 1395 419 1432 init
439 1394 575 1432 bellum
595 1395 802 1446 Tyrrhenis
821 1409 927 1444 asper
946 1395 991 1431 ab
1011 1394 1096 1440 oris,

134 1456 356 1502 Contenitor
372 1462 508 1508 divom,
531 1463 742 1501 Mezentius
760 1479 770 1508 ;
799 1462 1018 1514 agminaque
1039 1472 1169 1500 armat.

138 1529 251 1568 Filius
270 1529 356 1566 huic
371 1532 493 1581 juxta,
524 1530 685 1574 Lausus,
716 1544 791 1580 quo
812 1529 1002 1579 pulchrior
1019 1528 1111 1566 alter

137 1596 224 1634 Non
246 1594 329 1640 fuit,
356 1606 517 1646 excepto
539 1596 738 1634 Laurentis
753 1610 907 1646 corpore
937 1596 1081 1633 Turni:

138 1663 299 1709 Lausus,
326 1663 461 1713 equum
482 1663 655 1707 domitor,
687 1663 960 1713 debellatorque
981 1662 1152 1710 ferarum,

145 1730 281 1776 Ducit,
312 1729 496 1781 Agyllina
516 1730 758 1781 nequidquam
777 1745 822 1768 ex
844 1731 932 1768 urbe
952 1739 1110 1776 secutos,

138 1795 244 1835 Mille
264 1796 358 1834 viros
377 1812 387 1842 ;
419 1797 565 1850 dignus,
593 1798 719 1848 patriis
739 1797 801 1847 qui
821 1797 950 1834 laetior
967 1807 1063 1835 esset

138 1863 318 1914 Imperii-5,
347 1873 385 1901 et
406 1865 465 1902 cui
484 1874 590 1915 pater
609 1865 706 1902 haud
727 1864 940 1902 Mezentius
960 1874 1067 1902 esset.

191 1930 284 1968 Post
303 1930 385 1976 hos,
414 1931 593 1982 insignem
614 1931 735 1982 palma
756 1946 822 1982 per
840 1931 1002 1982 gramina
1030 1946 1191 1978 currum,

135 1997 382 2049 Victoresque
401 2007 564 2036 ostentat
579 2012 706 2049 equos,
725 2008 824 2036 satus
842 1998 1008 2036 Hercule
1021 1998 1192 2049 pulchro,

138 2063 298 2102 Pulcher
317 2066 530 2103 Aventinus
549 2081 560 2112 ;
590 2065 785 2116 clipeoque
805 2066 945 2117 insigne
966 2074 1173 2116 paternum,

135 2130 297 2168 Centum
317 2145 467 2184 angues,
489 2132 720 2182 cinctamque
740 2134 837 2184 gerit
857 2133 1086 2182 serpentibus
1107 2133 1191 2182 Hy-

135 2197 253 2235 Collis
270 2197 450 2236 Aventini
466 2198 552 2236 silva
569 2213 679 2250 quem
699 2200 805 2238 Rhea
822 2201 988 2237 sacerdos
1035 2200 1160 2252 [drani
1175 2211 1185 2236 ε

136 2262 330 2307 Furtivum
350 2273 460 2314 partu
479 2265 546 2305 sub
567 2264 710 2303 luminis
729 2266 844 2304 edidit
863 2280 958 2310 oras,

187 2328 306 2374 Tou.
366 2331 422 2369 ΙΙ.
641 2331 686 2370 M
