1455 2685
225 335 281 371 46
510 332 811 372 AENEIDOS
868 333 941 371 VI.
1133 348 1166 371 v.
1183 336 1271 374 354.

224 443 413 482 Deficeret
432 444 543 482 tantis
563 445 659 482 navis
688 445 922 496 surgentibus
942 445 1056 482 undis.

225 510 311 548 Tris
332 512 454 549 Notus
473 511 639 549 hibernas
658 511 828 549 immensa
848 527 912 562 per
931 525 1087 562 aequora
1108 511 1225 549 noctis

223 579 337 616 Vexit
357 593 414 616 me
433 578 610 616 violentus
630 592 747 629 aqua:
778 579 838 616 vix
860 579 994 617 lumine
1014 588 1147 630 quarto

223 645 401 697 Prospexi
422 645 580 690 Italiam,
601 660 738 683 summa
754 646 915 683 sublimis
935 647 980 683 ab
1001 646 1109 684 unda.

223 712 418 750 Paullatim
438 713 614 750 adnabam
634 722 748 750 terrae
766 729 775 750 :
801 716 874 765 jam
895 722 975 750 tuta
995 713 1161 750 tenebam
1178 727 1190 757 ;

223 778 273 816 Ni
294 793 383 829 gens
402 778 555 816 crudelis
575 779 719 816 madida
738 794 822 817 cum
841 788 939 817 veste
959 788 1163 830 gravatum,

222 847 531 898 Prensantemque
546 846 648 884 uncis
663 847 826 885 manibus
845 847 966 898 capita
982 861 1106 898 aspera
1124 847 1271 892 montis,

221 915 335 952 Ferro
354 915 550 959 invasisset,
571 915 810 965 praedamque
829 914 954 966 ignara
973 924 1149 965 putasset.

221 983 331 1020 Nunc
352 996 407 1020 me
428 982 562 1019 fluctus
582 981 708 1025 habet,
737 991 952 1032 versantque
967 982 1001 1019 in
1022 982 1145 1020 littore
1159 982 1268 1020 venti.

222 1049 338 1099 Quod
358 1058 395 1087 te
413 1063 479 1100 per
497 1048 589 1086 coeli
604 1049 808 1100 jucundum
828 1048 962 1092 lumen,
990 1057 1028 1086 et
1048 1062 1164 1094 auras,

222 1117 294 1154 Per
313 1116 529 1168 genitorem,
549 1130 628 1160 oro,
657 1129 724 1166 per
743 1129 822 1165 spes
841 1115 1023 1166 surgentis
1046 1116 1117 1153 Iuli
1136 1132 1146 1161 ;

221 1182 337 1233 Eripe
356 1197 412 1220 me
431 1183 500 1227 his,
519 1182 666 1234 invicte,
686 1181 785 1219 malis
804 1197 812 1220 ε
844 1192 907 1220 aut
927 1193 968 1220 tu
990 1182 1077 1220 mihi
1096 1192 1230 1221 terram

221 1250 349 1301 Injice,
378 1263 533 1300 namque
552 1258 671 1299 potes,
700 1258 904 1300 portusque
929 1250 1071 1300 require
1091 1249 1240 1287 Velinos
1257 1266 1268 1296 ς

218 1318 304 1356 Aut
324 1326 380 1359 tu,
411 1316 438 1354 si
458 1330 530 1367 qua
549 1316 605 1353 via
623 1325 692 1361 est,
722 1317 750 1354 si
769 1330 879 1367 quam
898 1317 965 1354 tibi
985 1317 1066 1354 diva
1085 1317 1240 1354 creatrix

220 1384 411 1427 Ostendit,
436 1384 574 1436 (neque
593 1384 701 1428 enim,
721 1384 845 1428 credo,
865 1383 939 1420 sine
959 1383 1102 1420 numine
1122 1384 1243 1420 divom

219 1451 387 1488 Flumina
419 1459 520 1488 tanta
540 1464 643 1501 paras
665 1450 907 1502 Stygiamque
926 1451 1048 1487 innare
1073 1450 1264 1503 paludem)

217 1518 281 1556 Da
300 1519 465 1555 dextram
485 1518 628 1561 misero,
660 1529 696 1556 et
717 1527 837 1555 tecum
859 1531 915 1555 me
935 1517 1023 1555 tolle
1044 1531 1109 1567 per
1128 1517 1266 1563 undas3

219 1585 374 1621 Sedibus
393 1594 435 1621 ut
455 1583 581 1622 saltem
599 1584 752 1635 placidis
771 1584 806 1621 in
827 1593 944 1622 morte
964 1584 1159 1635 quiescam.

217 1650 324 1688 Talia
343 1650 441 1688 satus
459 1659 550 1695 erat,
571 1651 693 1701 coepit
714 1666 826 1702 quum
846 1651 930 1689 talia
951 1660 1050 1688 vates
1069 1666 1078 1688 ε

217 1718 328 1756 Unde
349 1718 452 1761 haec,
471 1732 493 1754 o
516 1717 683 1755 Palinure
701 1720 709 1755 !
743 1718 810 1755 tibi
830 1727 905 1755 tam
925 1718 1001 1755 dira
1022 1718 1187 1768 cupido?

215 1785 280 1823 Tu
302 1785 451 1836 Stygias
470 1784 677 1822 inhumatus
696 1798 821 1835 aquas,
847 1798 1059 1835 amnemque
1079 1798 1239 1822 severum

215 1852 474 1896 Eumenidum,
495 1851 682 1901 adspicies,
702 1851 860 1902 ripamve
879 1851 1031 1902 injussus
1050 1852 1164 1890 adibis
1182 1853 1195 1891 ?

216 1919 356 1956 Desine
376 1918 452 1956 fata
471 1918 578 1957 deum
599 1918 696 1956 flecti
716 1933 858 1969 sperare
878 1919 1073 1970 precando.

216 1986 290 2023 Sed
308 2000 396 2035 cape
415 1986 512 2023 dicta
533 1999 683 2030 memor,
712 1985 792 2023 duri
813 1985 939 2022 solatia
959 1999 1062 2023 casus
1083 2000 1092 2024 :

215 2052 311 2090 Nam
333 2060 396 2088 tua
416 2052 571 2097 finitimi,
592 2051 701 2103 longe
720 2051 865 2102 lateque
885 2066 950 2102 per
969 2052 1075 2089 urbes

214 2118 396 2170 Prodigiis
413 2119 484 2156 acti
505 2119 737 2163 coelestibus,
758 2133 837 2156 ossa
858 2119 1009 2169 piabunt
1026 2135 1036 2164 ;

213 2188 267 2225 Et
288 2195 447 2224 statuent
463 2186 658 2230 tumulum,
679 2196 716 2224 et
737 2185 879 2224 tumulo
895 2186 1081 2224 sollemnia
1100 2187 1262 2232 mittent,

211 2254 492 2306 Aeternumque
510 2253 613 2292 locus
634 2252 794 2293 Palinuri
813 2267 943 2291 nomen
963 2253 1125 2294 habebit.
