1455 2685
180 329 213 354 v.
228 316 318 356 579.
459 312 760 352 AENEIDOS
816 314 937 352 VIII.
1158 318 1229 357 117

181 425 306 470 Nunc,
322 439 344 462 o
365 439 459 462 nunc
479 428 486 462 !
519 425 626 462 liceat
647 424 827 462 crudelem
849 425 1062 475 abrumpere
1082 428 1206 473 vitam,

181 492 285 530 Dum
305 506 410 529 curae
432 492 637 542 ambiguae,
666 492 753 528 dum
774 505 854 541 spes
874 492 1010 528 incerta
1029 492 1158 538 futuri,

181 557 284 594 Dum
306 568 355 601 te,
376 572 457 595 care
477 572 579 607 puer,
601 571 678 595 mea
699 571 775 594 sera
794 566 831 595 et
851 557 925 594 sola
945 558 1125 608 voluptas,

180 624 387 674 Complexu
408 633 513 661 teneo
529 639 538 661 ε
560 624 705 674 gravior
720 638 767 662 ne
787 625 934 660 nuntius
953 624 1045 661 auris

180 690 369 727 Volneret.
403 690 508 727 Haec
529 691 674 741 genitor
693 691 857 741 digressu
878 690 976 727 dicta
997 704 1164 741 supremo

181 756 373 794 Fundebat
391 772 400 794 :
434 756 556 793 famuli
576 756 776 807 collapsum
796 757 830 793 in
852 766 949 794 tecta
970 756 1144 796 ferebant.

232 824 386 874 Jamque
407 824 496 860 adeo
517 823 652 860 exierat
673 824 788 873 portis
807 823 994 873 equitatus
1014 826 1148 874 apertis
1165 840 1174 862 :

179 891 329 928 Aeneas
348 891 443 927 inter
462 891 610 940 primos,
631 899 668 927 et
690 890 783 926 fidus
803 890 998 935 Achates3

181 958 272 996 Inde
291 957 350 994 alii
371 957 507 1008 Trojae
528 971 720 1007 proceres:
751 957 826 1006 ipse
841 957 984 1007 agmine
1006 957 1124 995 Pallas

181 1024 227 1061 In
248 1024 383 1068 medio,
402 1023 592 1074 chlamyde
612 1032 650 1060 et
671 1023 778 1072 pictis
797 1033 1016 1073 conspectus
1035 1024 1070 1060 in
1096 1025 1200 1063 armis
1218 1041 1226 1063 ε

181 1089 323 1140 Qualis,
345 1091 407 1127 ubi
427 1090 550 1127 oceani
571 1088 738 1140 perfusus
758 1087 912 1126 Lucifer
931 1091 1042 1135 unda,

180 1158 300 1206 Quem
322 1157 449 1193 Venus
468 1165 550 1193 ante
571 1156 658 1193 alios
678 1165 856 1193 astrorum
876 1156 997 1208 diligit
1016 1157 1123 1208 ignis,

180 1223 330 1261 Extulit
350 1237 390 1259 os
411 1237 551 1261 sacrum
571 1222 689 1267 coelo,
718 1224 955 1273 tenebrasque
976 1223 1133 1261 resolvit.

181 1290 291 1326 Stant
311 1289 459 1339 pavidae
480 1290 513 1326 in
535 1290 642 1326 muris
663 1299 805 1334 matres,
826 1289 1012 1339 oculisque
1029 1300 1229 1340 sequuntur

180 1355 391 1395 Pulveream
412 1356 556 1400 nubem,
576 1366 611 1393 et
633 1355 807 1407 fulgentis
827 1370 906 1393 aere
926 1366 1100 1394 catervas.

181 1423 258 1464 Olli
280 1438 344 1474 per
363 1423 504 1467 dumos,
526 1436 598 1473 qua
617 1423 782 1472 proxima
802 1431 897 1459 meta
920 1422 1069 1468 viarum,

179 1490 329 1530 Armati
345 1491 510 1527 tendunt.
532 1490 568 1526 It
582 1489 729 1532 clamor,
742 1498 792 1533 et,
808 1489 950 1540 agmine
966 1489 1078 1535 facto,
1104 1493 1228 1542 [pum.

180 1557 494 1607 Quadrupedante
518 1565 662 1606 putrem
691 1555 812 1592 sonitu
839 1556 958 1606 quatit
978 1556 1113 1608 ungula
1134 1572 1229 1595 cam-

235 1624 308 1666 Est
329 1623 455 1675 ingens
470 1622 632 1675 gelidum
653 1621 755 1659 lucus
772 1636 885 1672 prope
900 1623 1054 1660 Caeritis
1073 1638 1227 1669 amnem,

182 1690 376 1741 Religione
397 1699 540 1740 patrum
559 1690 631 1727 late
651 1703 750 1727 sacer
767 1704 777 1727 :
809 1689 967 1739 undique
986 1690 1097 1728 colles

181 1756 365 1795 Inclusere
385 1757 476 1802 cavi,
496 1767 532 1795 et
554 1757 656 1809 nigra
676 1771 799 1794 nemus
819 1757 939 1794 abiete
958 1756 1087 1808 cingit.

181 1822 328 1861 Silvano
347 1823 442 1860 fama
459 1832 515 1861 est
536 1833 673 1861 veteres
694 1836 847 1860 sacrasse
868 1822 1055 1875 Pelasgos,

179 1889 368 1928 Arvorum
390 1890 604 1941 pecorisque
624 1891 708 1933 deo,
727 1890 922 1940 lucumque
942 1889 1122 1940 diemque,

180 1957 256 2007 Qui
277 1956 382 2007 primi
402 1956 481 1994 finis
499 1957 693 2008 aliquando
713 1957 871 1994 habuere
892 1956 1058 1994 Latinos.

180 2023 299 2062 Haud
311 2024 438 2074 procul
451 2024 533 2061 hinc
548 2024 698 2062 Tarcho
711 2033 747 2062 et
762 2023 946 2074 Tyrrheni
963 2033 1042 2060 tuta
1056 2026 1225 2063 tenebant

181 2090 313 2128 Castra
333 2091 447 2136 locis;
477 2091 646 2143 celsoque
666 2091 782 2128 omnis
801 2091 846 2128 de
866 2091 958 2128 colle
979 2092 1090 2129 videri

180 2159 262 2197 Jam
282 2167 427 2208 poterat
447 2158 557 2210 legio,
577 2168 614 2196 et
633 2158 714 2196 latis
733 2158 905 2195 tendebat
926 2159 959 2194 in
981 2160 1084 2198 arvis.

182 2224 274 2263 Huc
296 2233 398 2275 pater
417 2225 566 2263 Aeneas
585 2235 622 2264 et
641 2225 739 2263 bello
759 2224 853 2263 lecta
867 2227 1037 2275 juventus
