1455 2685
212 304 286 343 176
502 301 802 340 AENEmos
859 303 911 340 x.
1114 317 1147 341 v,
1161 308 1254 343 6341
1295 287 1305 294 “

207 414 327 458 Misit,
347 428 457 465 agens
470 414 638 458 hiemem,
655 415 777 451 nimbo
795 414 992 458 succincta,
1012 429 1078 464 per
1096 429 1224 461 aui-333

206 479 427 529 Iliacamque
445 481 570 524 aciem,
591 490 628 519 et
652 480 850 518 Laurentia
869 490 1001 524 castra,
1021 481 1165 530 petivit.

204 545 305 581 Tum
325 546 390 582 dea
409 547 504 583 nube
524 560 608 583 cava
628 556 773 584 tenuem
793 548 867 584 sine
888 546 1021 583 viribus
1042 548 1209 584 umbram

206 613 251 649 In
272 612 401 650 faciem
421 614 585 657 Aeneae,
606 614 681 651 visu
702 614 862 651 mirabile
883 624 1098 658 monstrum,

203 680 400 718 Dardaniis
419 681 625 718 ornatrtelis
644 697 654 727 ;
683 681 916 731 clipeumque
929 682 1109 733 jubasque

202 748 330 785 Divini
350 748 531 784 assimulat
552 748 708 797 capitis;
738 749 799 785 dat
819 748 935 785 inania
956 750 1078 792 verba,

203 814 284 851 Dat
305 814 376 851 sine
394 824 513 851 mente
527 828 652 850 sonum
669 830 679 858 3
701 829 918 865 gressusque
933 816 1074 866 effingit
1087 816 1205 853 euntis
1221 832 1229 853 ε

203 879 330 917 Morte
349 881 450 917 obita
470 880 592 930 quales
613 880 708 917 fama
727 891 782 918 est
797 881 945 918 volitare
965 882 1114 932 figuras,

203 946 290 983 Aut
309 960 400 996 quae
421 947 558 996 sopitos
579 947 755 984 deludunt
775 948 912 984 somnia
931 962 1065 986 sensus.

203 1013 264 1052 At
285 1013 416 1062 primas
434 1012 527 1050 laeta
546 1023 628 1050 ante
648 1013 741 1050 acies
761 1013 921 1050 exsultat
939 1015 1077 1065 imago,

202 1081 401 1130 Irritatque
423 1081 536 1116 virum
555 1079 650 1123 telis,
670 1090 707 1116 et
728 1094 816 1117 voce
836 1080 992 1118 lacessit.

203 1149 322 1185 Instat
342 1147 400 1184 cui
421 1147 583 1189 Turum,
604 1146 891 1197 stridentemque
910 1148 1046 1185 eminus
1066 1149 1205 1186 hastam

200 1214 362 1265 Coujicit
381 1229 390 1251 ε
420 1213 480 1250 illa
498 1213 585 1249 dato
607 1213 715 1250 vertit
735 1214 886 1264 vestigia
907 1224 1027 1266 tergo.

201 1280 303 1317 Tum
323 1294 407 1317 vero
427 1281 579 1318 Aenean
602 1294 766 1317 aversum
785 1290 826 1318 ut
846 1282 972 1318 cedere
993 1283 1143 1320 Turnus

201 1346 380 1391 Credidit,
394 1356 504 1396 atque
521 1347 639 1383 animo
657 1361 756 1396 spem
771 1348 940 1384 turbidus
955 1348 1075 1385 hausit
1091 1348 1244 1386 inanem:

200 1416 289 1464 Quo
310 1414 420 1465 fugis,
443 1415 573 1451 Aenea
589 1415 615 1451 ἒ·
633 1414 811 1451 thalamos
831 1429 873 1452 ne
894 1416 1016 1452 desere
1036 1426 1164 1465 pactos
1181 1431 1191 1454 ε

199 1481 287 1518 Hac
308 1480 455 1518 dabitur
474 1481 602 1517 dextra
622 1481 728 1518 tellus
748 1481 911 1531 quaesita
931 1496 995 1532 per
1014 1483 1137 1519 undas.

197 1548 306 1586 Talia
325 1547 522 1584 vociferans
542 1547 718 1597 sequitur,
738 1549 979 1599 strictumque
994 1558 1163 1586 coruscat

199 1614 414 1652 Mucronem
433 1630 443 1659 ;
473 1628 538 1651 nec
559 1613 651 1651 ferre
672 1615 770 1652 videt
790 1629 853 1652 sua
872 1615 1005 1666 gaudia
1025 1625 1163 1654 ventos,

253 1682 366 1719 Forte
386 1682 486 1724 ram,
519 1681 606 1717 celsi
625 1684 818 1732 conjuncta
839 1682 1026 1731 crepidine
1047 1682 1138 1727 saxi,

201 1747 391 1797 Expositis
413 1748 533 1784 stabat
555 1746 671 1790 scalis,
693 1757 728 1784 et
744 1756 857 1797 ponte
876 1757 1030 1797 parato;

199 1817 284 1864 Qua
303 1827 364 1850 rex
385 1812 542 1852 Clusinis
562 1813 734 1850 advectus
756 1813 904 1850 Osinius
924 1813 1009 1851 oris.

198 1882 287 1919 Huc
309 1893 381 1916 sese
402 1880 542 1928 trepida
561 1879 714 1916 Aeneae
733 1880 908 1930 fugientis
927 1880 1049 1930 imago

198 1946 357 1998 Conjicit
376 1946 411 1982 in
432 1946 586 1983 latebras
604 1961 614 1983 ε
636 1960 701 1983 nec
723 1946 874 1983 Turnus
894 1948 1040 1997 segnior
1060 1946 1184 1991 instat,

198 2014 482 2063 Exsuperatque
503 2026 633 2058 moras,
653 2022 691 2050 et
711 2013 832 2062 pontis
849 2013 1000 2050 transilit
1020 2013 1125 2051 altos.

197 2081 269 2119 Vix
291 2093 433 2130 proram
452 2078 625 2129 attigerat
643 2093 652 2116 :
685 2079 821 2128 rumpit
839 2079 1008 2117 Saturnia
1028 2079 1163 2124 funem,

196 2146 449 2195 Avolsamque
469 2145 564 2195 rapit
582 2145 744 2182 revoluta
765 2160 827 2195 per
847 2160 1004 2196 aequora
1025 2160 1161 2183 navem.

194 2214 306 2251 Illum
327 2224 447 2251 autem
469 2213 617 2250 Aeneas
637 2213 823 2250 absentem
842 2213 877 2250 iu
898 2213 1033 2263 proelia
1052 2213 1171 2263 poscit
1187 2230 1205 2259 3⁴
