1455 2685
228 294 287 336 {36
526 297 825 337 AENEIDOS
881 299 955 337 VI.
1157 305 1231 342 νηΐ
1262 329 1272 338 .

1235 304 1259 340 01

234 402 295 441 Ne
315 405 459 443 turbata
478 407 612 453 volent,
632 410 765 459 rapidis
783 410 938 447 ludibria
957 411 1070 447 ventis
1087 426 1097 448 :

235 470 322 519 Ipsa
337 485 453 518 canas,
475 489 552 512 oro.
585 475 710 513 Finem
730 477 830 514 dedit
849 491 911 514 ore
928 476 1113 528 loquendi.

285 537 360 582 At,
381 539 521 577 Phoebi
541 543 698 579 nondum
727 544 880 593 patiens,
909 544 1070 581 immanis
1089 543 1124 580 in
1144 552 1246 581 antro

231 600 441 642 Bacchatur
460 616 570 651 vates,
599 622 767 659 magnum
788 609 815 646 si
835 620 981 659 pectore
1001 611 1114 660 possit

229 667 442 708 Excussisse
463 674 593 711 deum:
624 683 727 712 tanto
746 676 861 727 magis
880 675 938 713 ille
958 676 1090 727 fatigat

229 734 285 771 Os
304 737 482 783 rabidum,
502 739 577 776 fera
596 742 706 778 corda
725 742 887 787 domans,
907 743 1086 794 fingitque
1107 755 1272 792 premen-

232 802 338 839 Ostia
352 805 498 855 jamque
517 807 645 845 domus
665 819 814 858 patuere
833 809 993 860 ingentia
1007 819 1152 846 centum
1188 811 1271 860 [do.

228 870 368 920 Sponte
388 886 463 917 sua,
482 874 644 924 vatisque
663 875 784 912 ferunt
803 890 971 926 responsa
990 891 1054 926 per
1072 890 1173 914 auras
1191 891 1200 913 t

231 936 267 974 O
289 939 434 976 tandem
455 942 592 992 magnis
612 942 732 994 pelagi
751 943 921 980 defuncte
942 944 1105 993 peticlis!

231 1006 303 1043 Sed
323 1017 417 1044 terra
437 1009 599 1059 graviora
618 1018 774 1046 manent.
808 1009 850 1046 In
871 1023 981 1060 regna
1003 1010 1133 1047 Lavini

227 1076 461 1114 Dardanidae
480 1076 621 1112 venient
640 1092 649 1121 ;
673 1076 774 1112 mitte
791 1077 882 1112 hanc
903 1076 947 1112 de
960 1086 1110 1125 pectore
1126 1090 1266 1115 curam:

230 1146 304 1185 Sed
324 1160 393 1183 non
413 1154 449 1182 et
469 1144 604 1182 venisse
625 1143 757 1181 volent.
794 1142 910 1186 Bella,
930 1143 1075 1179 horrida
1093 1143 1200 1187 bella,

226 1215 280 1252 Et
299 1212 484 1262 Thybrim
504 1211 620 1248 multo
640 1219 865 1260 spumantem
885 1210 1056 1261 sanguine
1076 1225 1196 1248 cerno.

222 1282 309 1320 Non
332 1280 462 1318 Simo'i's
481 1278 560 1322 tibi,
582 1292 646 1315 nec
669 1277 854 1320 Xanthus,
875 1291 940 1314 nec
958 1278 1100 1315 Dorica
1119 1289 1237 1316 castra

220 1347 432 1387 Defuerint.
461 1345 572 1384 Alius
593 1345 704 1383 Latio
718 1347 791 1396 jam
811 1354 936 1394 partus
957 1344 1140 1389 Achilles,

224 1417 345 1454 Natus
364 1424 401 1452 et
419 1414 496 1463 ipse
516 1413 593 1450 dea.
623 1412 717 1455 Nec,
739 1411 894 1448 Teucris
912 1410 1047 1454 addita,
1066 1412 1164 1448 Juno

224 1483 392 1532 Usquam
411 1480 538 1516 aberit.
565 1481 690 1529 Quum
706 1488 746 1515 tu
763 1477 929 1527 supplex,
949 1477 984 1513 in
1005 1478 1111 1514 rebus
1131 1479 1268 1528 egenis,

224 1549 326 1598 Quas
346 1546 463 1597 gentis
485 1543 631 1587 Italum,
652 1553 715 1581 aut
734 1557 822 1594 quas
843 1557 913 1579 non
933 1543 1088 1580 oraveris
1109 1545 1207 1581 urbis
1228 1548 1236 1582 !

222 1616 361 1652 Caussa
379 1611 459 1648 mali
479 1611 571 1648 tanti
590 1613 745 1660 conjunx
766 1610 897 1648 iterum
916 1609 1063 1660 hospita
1079 1610 1249 1657 Teucris,

221 1680 449 1728 Externique
467 1678 598 1715 iterum
617 1675 777 1713 thalami.

226 1746 291 1784 Tu
311 1759 355 1782 ne
375 1744 462 1781 cede
482 1741 581 1779 malis
600 1757 609 1787 3
639 1741 699 1778 sed
721 1751 846 1779 contra
867 1742 1059 1779 audentior
1077 1743 1145 1787 ito,

223 1814 346 1863 Quam
365 1822 429 1848 tua
456 1820 492 1847 te
514 1810 678 1847 Fortuna
698 1807 800 1844 sinet.
830 1807 901 1844 Via
916 1809 1030 1858 prima
1050 1808 1188 1856 salutis,

224 1879 338 1929 Quod
359 1877 502 1913 minime
521 1876 620 1918 reris,
642 1875 755 1913 Graia
774 1874 952 1924 pandetur
969 1876 1015 1912 ab
1037 1876 1138 1912 urbe.

276 1943 431 1982 Talibus
449 1956 494 1978 cx
514 1942 626 1991 adyto
645 1939 753 1977 dictis
774 1940 933 1977 Cumaea
954 1939 1090 1989 Sibylla

222 2010 437 2050 Horrendas
456 2008 553 2045 canit
572 2008 754 2058 ambageS,
783 2016 960 2055 antroque
988 2009 1158 2058 remugit,

225 2076 403 2116 Obscuris
423 2089 505 2113 vera
524 2074 705 2111 involvens
723 2088 732 2111 ε
754 2087 795 2110 ea
815 2073 914 2110 frena
933 2072 1067 2109 furenti

222 2142 414 2186 Concutit,
442 2151 478 2179 et
499 2140 662 2178 stimulos
682 2139 747 2176 sub
767 2148 915 2189 pectore
935 2139 1056 2183 vertit,
1076 2139 1234 2189 Apollo.

225 2212 284 2249 Ut
303 2209 457 2261 primum
478 2206 584 2246 cessit
604 2205 717 2251 furor,
737 2214 774 2243 et
793 2205 916 2243 rabida
935 2218 997 2242 ora
1016 2205 1199 2264 quierunt,
