1455 2685
231 319 309 376 204
539 317 841 357 AENEIDos
898 320 975 357 xi.
1138 334 1170 357 v.
1189 323 1279 359 495.

234 430 336 474 Aut,
367 438 530 468 assuetus
550 444 665 481 aquae
685 431 856 481 perfundi
878 431 1022 468 flumine
1043 440 1146 475 ηοω,

235 497 400 542 Emicat,
428 498 650 548 arrectisque
670 499 794 535 fremit
814 498 1017 535 cervicibus
1037 497 1109 534 alte

233 563 445 601 Luxurians
462 580 472 609 3
501 564 708 615 luduntque
723 565 832 616 jubae
854 579 918 614 per
938 564 1045 608 colla,
1075 578 1140 614 per
1155 578 1285 601 armos.

288 630 408 667 Obvia
428 631 502 676 cui,
531 631 751 676 Volscorurn
771 632 845 668 acie
866 631 1077 675 comitante,
1106 630 1261 668 Camilla

234 696 425 751 Occurrit,
455 697 646 746 portisque
666 697 711 733 ab
731 710 828 746 equo
849 696 972 747 regina
994 697 1060 733 sub
1081 697 1170 746 ipsis

231 761 421 808 Desiluit3
455 776 563 812 quam
583 772 665 799 tota
684 763 816 800 cohors
837 763 979 800 imitata
999 762 1133 799 relictis

232 828 302 865 Ad
322 837 453 866 terram
474 829 628 866 defluxit
648 830 762 879 equis.
807 829 909 866 Tum
929 829 1013 866 talia
1035 829 1132 866 fatur
1149 844 1159 868 ε

231 893 374 939 Turne,
403 895 458 932 sui
478 895 608 932 merito
629 895 657 931 si
677 909 749 945 qua
767 904 823 932 est
843 896 976 932 fiducia
1000 895 1102 941 forti,

231 960 373 998 Audeo
402 971 440 998 et
461 961 682 999 Aeneadum
705 961 884 1011 promitto
917 976 1109 999 occurrere
1130 972 1285 1008 turmae,

233 1029 394 1079 Solaque
414 1028 630 1079 Tyrrhenos
649 1028 790 1078 equites
811 1029 859 1065 ire
881 1029 987 1065 obvia
1007 1039 1148 1067 contra.

232 1096 299 1133 Me
319 1096 391 1132 sinc
411 1095 525 1145 prima
545 1109 652 1132 manu
673 1104 814 1131 tentare
834 1095 994 1145 pericula
1014 1096 1121 1134 belli:

231 1161 297 1199 Tu
316 1163 425 1212 pedes
445 1162 491 1198 ad
510 1150 632 1198 muros
654 1162 824 1208 subsiste,
853 1171 890 1199 et
911 1163 1053 1199 moenia
1074 1177 1185 1200 serva.

230 1226 382 1265 Turnus
401 1228 447 1265 ad
466 1227 569 1272 haec,
589 1227 717 1265 oculos
736 1228 919 1266 horrenda
938 1229 973 1265 in
995 1229 1135 1280 virgine
1158 1230 1252 1266 fixus
1273 1245 1282 1267 ε

230 1293 284 1338 O,
312 1294 422 1332 decus
440 1294 582 1339 Italiae,
610 1295 715 1347 virgo
734 1298 742 1333 !
777 1309 866 1346 quas
886 1295 1007 1332 dicere
1028 1296 1157 1346 gratis,

230 1362 377 1411 Quasve
389 1361 534 1407 referre,
555 1363 699 1412 parem?
719 1363 782 1399 sed
796 1377 903 1407 nunc,
923 1372 977 1400 est
998 1363 1117 1399 omnia
1131 1364 1281 1413 quando

230 1428 308 1465 Iste
327 1428 465 1465 animus
487 1442 609 1477 supra,
638 1442 781 1466 mecum
802 1429 936 1478 partire
956 1428 1129 1468 laborem.

226 1493 390 1538 Aeneas,
418 1503 460 1531 ut
481 1493 576 1530 fama
597 1495 705 1531 fidem
725 1495 892 1545 missique
913 1504 1103 1545 reportant

227 1559 508 1610 Exploratores,
537 1561 705 1611 equitum
724 1561 816 1598 levia
831 1561 1022 1611 improbus
1041 1575 1139 1598 arma

226 1625 431 1670 Praemisit,
461 1634 656 1676 quaterent
675 1641 824 1677 campos
843 1643 851 1664 :
883 1628 959 1677 ipse
981 1628 1092 1664 ardua
1112 1629 1244 1667 montis

227 1692 298 1730 Per
316 1693 479 1736 deserta,
499 1695 591 1744 jugo
613 1707 798 1743 superans,
829 1695 999 1731 adventat
1021 1695 1066 1731 ad
1087 1696 1227 1733 urbem.

225 1758 341 1796 Furta
361 1772 450 1808 paro
469 1758 554 1795 belli
575 1773 738 1796 convexo
759 1761 795 1796 in
817 1762 962 1798 tramite
983 1761 1103 1805 silvae,

226 1825 286 1862 Ut
304 1824 417 1862 bivias
437 1834 577 1862 armato
597 1825 760 1863 obsidam
781 1827 895 1864 milite
916 1827 1050 1865 fauces.

222 1891 285 1929 Tu
305 1891 545 1942 Tyrrhenum
564 1893 727 1943 equitem
748 1893 893 1930 collatis
913 1893 1042 1943 excipe
1063 1893 1174 1945 signis
1194 1910 1202 1931 :

221 1957 367 1995 Tecum
388 1972 473 1995 acer
493 1958 685 2010 Messapus
705 1961 788 2004 erit,
808 1970 1022 2010 turmaeque
1049 1960 1223 2005 Latinae,

220 2023 453 2074 Tiburnique
473 2038 598 2062 manus
616 2040 626 2064 ε
657 2027 759 2063 ducis
787 2036 825 2063 et
845 2035 887 2063 tu
908 2026 1063 2076 concipe
1084 2041 1220 2065 curam.

221 2090 281 2128 Sic
301 2090 365 2134 ait,
385 2100 421 2127 et
442 2091 588 2140 paribus
610 2091 822 2142 Messapum
843 2093 876 2129 in
899 2093 1038 2143 proelia
1059 2093 1166 2131 dictis

222 2157 423 2202 Hortatur,
445 2158 636 2208 sociosque
658 2159 769 2196 duces
788 2175 797 2205 3
827 2169 865 2196 et
889 2161 1010 2212 pergit
1032 2162 1065 2197 in
1087 2161 1244 2198 hostem.

226 2215 232 2219 ’
274 2224 345 2265 Est
366 2238 479 2263 curvo
499 2224 670 2263 anfractu
692 2225 815 2273 valles,
835 2227 1071 2279 accommoda
1091 2227 1222 2272 fraudi,
