<?xml version="1.0" encoding="UTF-8"?>
<!DOCTYPE html PUBLIC "-//W3C//DTD XHTML 1.0 Transitional//EN"
    "http://www.w3.org/TR/xhtml1/DTD/xhtml1-transitional.dtd">
<html xmlns="http://www.w3.org/1999/xhtml" xml:lang="en" lang="en">
 <head>
  <title>
</title>
<meta http-equiv="Content-Type" content="text/html;charset=utf-8" />
  <meta name='ocr-system' content='tesseract 3.04.00' />
  <meta name='ocr-capabilities' content='ocr_page ocr_carea ocr_par ocr_line ocrx_word'/>
</head>
<body>
  <div class='ocr_page' id='page_1' title='image "./operahun02virguoft_0038.png"; bbox 0 0 1455 2685; ppageno 0'>
   <div class='ocr_carea' id='block_1_1' title="bbox 246 298 1283 342">
    <p class='ocr_par' dir='ltr' id='par_1_1' title="bbox 246 298 1283 342">
     <span class='ocr_line' id='line_1_1' title="bbox 246 298 1283 342; baseline -0.001 -4"><span class='ocrx_word' id='word_1_1' title='bbox 246 305 299 342; x_wconf 76' lang='lat'>30</span> <span class='ocrx_word' id='word_1_2' title='bbox 535 298 835 337; x_wconf 88' lang='lat' dir='ltr'>AENEIDOS</span> <span class='ocrx_word' id='word_1_3' title='bbox 892 298 943 336; x_wconf 92' lang='lat' dir='ltr'>V.</span> <span class='ocrx_word' id='word_1_4' title='bbox 1154 313 1189 337; x_wconf 85' lang='lat' dir='ltr'>v.</span> <span class='ocrx_word' id='word_1_5' title='bbox 1204 301 1283 337; x_wconf 79' lang='lat'>802</span> 
     </span>
    </p>
   </div>
   <div class='ocr_carea' id='block_1_2' title="bbox 209 408 1306 2246">
    <p class='ocr_par' dir='ltr' id='par_1_2' title="bbox 235 408 1306 1326">
     <span class='ocr_line' id='line_1_2' title="bbox 241 408 1253 464; baseline -0.004 -13"><span class='ocrx_word' id='word_1_6' title='bbox 241 412 460 464; x_wconf 86' lang='lat' dir='ltr'>Compressi‚</span> <span class='ocrx_word' id='word_1_7' title='bbox 489 418 527 448; x_wconf 90' lang='lat' dir='ltr'>et</span> <span class='ocrx_word' id='word_1_8' title='bbox 546 410 677 447; x_wconf 82' lang='lat' dir='ltr'>rabiem</span> <span class='ocrx_word' id='word_1_9' title='bbox 695 418 850 453; x_wconf 71' lang='lat' dir='ltr'>tantam,</span> <span class='ocrx_word' id='word_1_10' title='bbox 878 408 1043 459; x_wconf 87' lang='lat' dir='ltr'>coelique</span> <span class='ocrx_word' id='word_1_11' title='bbox 1062 409 1253 459; x_wconf 83' lang='lat' dir='ltr'>marisque.</span> 
     </span>
     <span class='ocr_line' id='line_1_3' title="bbox 238 475 1281 526; baseline -0.007 -7"><span class='ocrx_word' id='word_1_12' title='bbox 238 482 320 520; x_wconf 67' lang='lat' dir='ltr'>Nec</span> <span class='ocrx_word' id='word_1_13' title='bbox 341 480 456 516; x_wconf 87' lang='lat' dir='ltr'>minor</span> <span class='ocrx_word' id='word_1_14' title='bbox 473 478 508 514; x_wconf 89' lang='lat' dir='ltr'>in</span> <span class='ocrx_word' id='word_1_15' title='bbox 528 477 645 520; x_wconf 82' lang='lat' dir='ltr'>terris,</span> <span class='ocrx_word' id='word_1_16' title='bbox 669 476 860 513; x_wconf 82' lang='lat' dir='ltr'>Xanthum</span> <span class='ocrx_word' id='word_1_17' title='bbox 878 475 1136 526; x_wconf 71' lang='lat' dir='ltr'>Simoentaque</span> <span class='ocrx_word' id='word_1_18' title='bbox 1151 485 1281 520; x_wconf 83' lang='lat' dir='ltr'>testor,</span> 
     </span>
     <span class='ocr_line' id='line_1_4' title="bbox 238 541 1174 592; baseline -0.007 -6"><span class='ocrx_word' id='word_1_19' title='bbox 238 549 390 586; x_wconf 76' lang='lat' dir='ltr'>Aeneae</span> <span class='ocrx_word' id='word_1_20' title='bbox 411 544 497 581; x_wconf 87' lang='lat' dir='ltr'>mihi</span> <span class='ocrx_word' id='word_1_21' title='bbox 516 557 602 580; x_wconf 82' lang='lat' dir='ltr'>cura</span> <span class='ocrx_word' id='word_1_22' title='bbox 621 542 688 580; x_wconf 91' lang='lat' dir='ltr'>tui.</span> <span class='ocrx_word' id='word_1_23' title='bbox 719 543 846 592; x_wconf 81' lang='lat' dir='ltr'>Quum</span> <span class='ocrx_word' id='word_1_24' title='bbox 866 542 984 579; x_wconf 81' lang='lat' dir='ltr'>Tro&#39;ia</span> <span class='ocrx_word' id='word_1_25' title='bbox 1003 541 1174 579; x_wconf 86' lang='lat' dir='ltr'>Achilles</span> 
     </span>
     <span class='ocr_line' id='line_1_5' title="bbox 240 608 1176 659; baseline -0.005 -10"><span class='ocrx_word' id='word_1_26' title='bbox 240 612 458 652; x_wconf 80' lang='lat' dir='ltr'>Exanimata</span> <span class='ocrx_word' id='word_1_27' title='bbox 478 623 630 659; x_wconf 89' lang='lat' dir='ltr'>sequens</span> <span class='ocrx_word' id='word_1_28' title='bbox 649 609 867 659; x_wconf 82' lang='lat' dir='ltr'>impingeret</span> <span class='ocrx_word' id='word_1_29' title='bbox 887 608 1031 659; x_wconf 83' lang='lat' dir='ltr'>agmina</span> <span class='ocrx_word' id='word_1_30' title='bbox 1050 608 1176 651; x_wconf 82' lang='lat' dir='ltr'>muris,</span> 
     </span>
     <span class='ocr_line' id='line_1_6' title="bbox 239 674 1150 726; baseline -0.007 -9"><span class='ocrx_word' id='word_1_31' title='bbox 239 680 358 718; x_wconf 77' lang='lat' dir='ltr'>Millia</span> <span class='ocrx_word' id='word_1_32' title='bbox 377 677 489 714; x_wconf 86' lang='lat' dir='ltr'>multa</span> <span class='ocrx_word' id='word_1_33' title='bbox 508 677 608 713; x_wconf 86' lang='lat' dir='ltr'>daret</span> <span class='ocrx_word' id='word_1_34' title='bbox 627 675 715 720; x_wconf 91' lang='lat' dir='ltr'>leto,</span> <span class='ocrx_word' id='word_1_35' title='bbox 743 685 1002 726; x_wconf 85' lang='lat' dir='ltr'>gemerentque</span> <span class='ocrx_word' id='word_1_36' title='bbox 1022 674 1150 724; x_wconf 86' lang='lat' dir='ltr'>repleti</span> 
     </span>
     <span class='ocr_line' id='line_1_7' title="bbox 235 740 1241 791; baseline -0.006 -8"><span class='ocrx_word' id='word_1_37' title='bbox 235 747 393 788; x_wconf 80' lang='lat' dir='ltr'>Amnes,</span> <span class='ocrx_word' id='word_1_38' title='bbox 422 757 487 780; x_wconf 92' lang='lat' dir='ltr'>nec</span> <span class='ocrx_word' id='word_1_39' title='bbox 507 742 661 791; x_wconf 89' lang='lat' dir='ltr'>reperire</span> <span class='ocrx_word' id='word_1_40' title='bbox 679 741 773 778; x_wconf 87' lang='lat' dir='ltr'>viam</span> <span class='ocrx_word' id='word_1_41' title='bbox 800 750 910 791; x_wconf 88' lang='lat' dir='ltr'>atque</span> <span class='ocrx_word' id='word_1_42' title='bbox 938 740 1101 778; x_wconf 81' lang='lat' dir='ltr'>evolvere</span> <span class='ocrx_word' id='word_1_43' title='bbox 1120 749 1241 790; x_wconf 88' lang='lat' dir='ltr'>posset</span> 
     </span>
     <span class='ocr_line' id='line_1_8' title="bbox 238 806 1159 858; baseline -0.009 -7"><span class='ocrx_word' id='word_1_44' title='bbox 238 815 283 851; x_wconf 82' lang='lat' dir='ltr'>In</span> <span class='ocrx_word' id='word_1_45' title='bbox 303 825 398 848; x_wconf 88' lang='lat' dir='ltr'>mare</span> <span class='ocrx_word' id='word_1_46' title='bbox 418 824 455 847; x_wconf 90' lang='lat' dir='ltr'>se</span> <span class='ocrx_word' id='word_1_47' title='bbox 475 808 646 846; x_wconf 86' lang='lat' dir='ltr'>Xanthus</span> <span class='ocrx_word' id='word_1_48' title='bbox 663 824 674 854; x_wconf 68' lang='grc' dir='ltr'><strong>ς</strong></span> <span class='ocrx_word' id='word_1_49' title='bbox 706 808 850 846; x_wconf 89' lang='lat' dir='ltr'>Pelidae</span> <span class='ocrx_word' id='word_1_50' title='bbox 868 817 958 844; x_wconf 90' lang='lat' dir='ltr'>tunc</span> <span class='ocrx_word' id='word_1_51' title='bbox 978 821 1048 858; x_wconf 85' lang='lat' dir='ltr'>ego</span> <span class='ocrx_word' id='word_1_52' title='bbox 1069 806 1159 843; x_wconf 88' lang='lat' dir='ltr'>forti</span> 
     </span>
     <span class='ocr_line' id='line_1_9' title="bbox 237 873 1230 928; baseline -0.006 -13"><span class='ocrx_word' id='word_1_53' title='bbox 237 881 483 928; x_wconf 87' lang='lat' dir='ltr'>Congressum</span> <span class='ocrx_word' id='word_1_54' title='bbox 502 875 670 918; x_wconf 86' lang='lat' dir='ltr'>Aenean,</span> <span class='ocrx_word' id='word_1_55' title='bbox 698 889 763 912; x_wconf 89' lang='lat' dir='ltr'>nec</span> <span class='ocrx_word' id='word_1_56' title='bbox 783 875 838 911; x_wconf 87' lang='lat' dir='ltr'>dis</span> <span class='ocrx_word' id='word_1_57' title='bbox 857 888 922 911; x_wconf 88' lang='lat' dir='ltr'>nec</span> <span class='ocrx_word' id='word_1_58' title='bbox 938 873 1072 910; x_wconf 84' lang='lat' dir='ltr'>viribus</span> <span class='ocrx_word' id='word_1_59' title='bbox 1092 873 1230 922; x_wconf 84' lang='lat' dir='ltr'>aequis,</span> 
     </span>
     <span class='ocr_line' id='line_1_10' title="bbox 237 939 1257 991; baseline -0.008 -8"><span class='ocrx_word' id='word_1_60' title='bbox 237 945 348 984; x_wconf 86' lang='lat' dir='ltr'>Nube</span> <span class='ocrx_word' id='word_1_61' title='bbox 367 955 453 981; x_wconf 86' lang='lat' dir='ltr'>cava</span> <span class='ocrx_word' id='word_1_62' title='bbox 471 941 597 991; x_wconf 89' lang='lat' dir='ltr'>rapui:</span> <span class='ocrx_word' id='word_1_63' title='bbox 627 954 798 990; x_wconf 83' lang='lat' dir='ltr'>cuperem</span> <span class='ocrx_word' id='word_1_64' title='bbox 818 954 931 990; x_wconf 90' lang='lat' dir='ltr'>quum</span> <span class='ocrx_word' id='word_1_65' title='bbox 950 949 1087 977; x_wconf 86' lang='lat' dir='ltr'>vertere</span> <span class='ocrx_word' id='word_1_66' title='bbox 1107 940 1151 976; x_wconf 87' lang='lat' dir='ltr'>ab</span> <span class='ocrx_word' id='word_1_67' title='bbox 1171 939 1257 983; x_wconf 87' lang='lat' dir='ltr'>imo,</span> 
     </span>
     <span class='ocr_line' id='line_1_11' title="bbox 239 1005 1203 1058; baseline -0.007 -9"><span class='ocrx_word' id='word_1_68' title='bbox 239 1012 388 1049; x_wconf 88' lang='lat' dir='ltr'>Structa</span> <span class='ocrx_word' id='word_1_69' title='bbox 407 1008 493 1046; x_wconf 90' lang='lat' dir='ltr'>meis</span> <span class='ocrx_word' id='word_1_70' title='bbox 512 1007 687 1049; x_wconf 89' lang='lat' dir='ltr'>manibus,</span> <span class='ocrx_word' id='word_1_71' title='bbox 715 1009 877 1058; x_wconf 82' lang='lat' dir='ltr'>perjurae</span> <span class='ocrx_word' id='word_1_72' title='bbox 896 1006 1035 1043; x_wconf 87' lang='lat' dir='ltr'>moenia</span> <span class='ocrx_word' id='word_1_73' title='bbox 1054 1005 1203 1056; x_wconf 90' lang='lat' dir='ltr'>Trojae.</span> 
     </span>
     <span class='ocr_line' id='line_1_12' title="bbox 241 1070 1286 1126; baseline -0.008 -12"><span class='ocrx_word' id='word_1_74' title='bbox 241 1078 350 1115; x_wconf 75' lang='lat' dir='ltr'>Nunc</span> <span class='ocrx_word' id='word_1_75' title='bbox 370 1089 517 1126; x_wconf 90' lang='lat' dir='ltr'>quoque</span> <span class='ocrx_word' id='word_1_76' title='bbox 538 1087 636 1110; x_wconf 86' lang='lat' dir='ltr'>mens</span> <span class='ocrx_word' id='word_1_77' title='bbox 651 1073 776 1109; x_wconf 87' lang='lat' dir='ltr'>eadem</span> <span class='ocrx_word' id='word_1_78' title='bbox 789 1081 928 1121; x_wconf 84' lang='lat' dir='ltr'>perstat</span> <span class='ocrx_word' id='word_1_79' title='bbox 941 1071 1047 1109; x_wconf 84' lang='lat' dir='ltr'>mihi:</span> <span class='ocrx_word' id='word_1_80' title='bbox 1070 1070 1162 1120; x_wconf 90' lang='lat' dir='ltr'>pelle</span> <span class='ocrx_word' id='word_1_81' title='bbox 1177 1072 1286 1107; x_wconf 89' lang='lat' dir='ltr'>timo-</span> 
     </span>
     <span class='ocr_line' id='line_1_13' title="bbox 240 1138 1306 1192; baseline -0.004 -12"><span class='ocrx_word' id='word_1_82' title='bbox 240 1143 378 1186; x_wconf 86' lang='lat' dir='ltr'>Tutus‚</span> <span class='ocrx_word' id='word_1_83' title='bbox 398 1155 490 1192; x_wconf 89' lang='lat' dir='ltr'>quos</span> <span class='ocrx_word' id='word_1_84' title='bbox 510 1150 629 1191; x_wconf 78' lang='lat' dir='ltr'>optas,</span> <span class='ocrx_word' id='word_1_85' title='bbox 650 1150 780 1190; x_wconf 81' lang='lat' dir='ltr'>portus</span> <span class='ocrx_word' id='word_1_86' title='bbox 800 1139 952 1176; x_wconf 85' lang='lat' dir='ltr'>accedet</span> <span class='ocrx_word' id='word_1_87' title='bbox 971 1138 1125 1176; x_wconf 85' lang='lat' dir='ltr'>Averni.</span> <span class='ocrx_word' id='word_1_88' title='bbox 1166 1142 1283 1189; x_wconf 77' lang='lat' dir='ltr'>[remt</span> <span class='ocrx_word' id='word_1_89' title='bbox 1303 1186 1306 1188; x_wconf 87' lang='lat'>.</span> 
     </span>
     <span class='ocr_line' id='line_1_14' title="bbox 240 1205 1283 1256; baseline -0.004 -8"><span class='ocrx_word' id='word_1_90' title='bbox 240 1212 350 1249; x_wconf 84' lang='lat' dir='ltr'>Unus</span> <span class='ocrx_word' id='word_1_91' title='bbox 368 1209 435 1247; x_wconf 82' lang='lat' dir='ltr'>erit</span> <span class='ocrx_word' id='word_1_92' title='bbox 454 1218 612 1250; x_wconf 88' lang='lat' dir='ltr'>tantum,</span> <span class='ocrx_word' id='word_1_93' title='bbox 633 1206 799 1243; x_wconf 90' lang='lat' dir='ltr'>amissum</span> <span class='ocrx_word' id='word_1_94' title='bbox 815 1219 921 1255; x_wconf 88' lang='lat' dir='ltr'>quem</span> <span class='ocrx_word' id='word_1_95' title='bbox 942 1205 1090 1256; x_wconf 86' lang='lat' dir='ltr'>gurgite</span> <span class='ocrx_word' id='word_1_96' title='bbox 1110 1213 1283 1255; x_wconf 83' lang='lat' dir='ltr'>quaeret:</span> 
     </span>
     <span class='ocr_line' id='line_1_15' title="bbox 240 1273 906 1326; baseline -0.009 -10"><span class='ocrx_word' id='word_1_97' title='bbox 240 1279 367 1317; x_wconf 89' lang='lat' dir='ltr'>Unum</span> <span class='ocrx_word' id='word_1_98' title='bbox 387 1289 455 1326; x_wconf 88' lang='lat' dir='ltr'>pro</span> <span class='ocrx_word' id='word_1_99' title='bbox 474 1274 596 1312; x_wconf 86' lang='lat' dir='ltr'>multis</span> <span class='ocrx_word' id='word_1_100' title='bbox 616 1273 762 1310; x_wconf 89' lang='lat' dir='ltr'>dabitur</span> <span class='ocrx_word' id='word_1_101' title='bbox 782 1281 906 1321; x_wconf 84' lang='lat' dir='ltr'>caput.</span> 
     </span>
    </p>

    <p class='ocr_par' dir='ltr' id='par_1_3' title="bbox 240 1337 1286 1780">
     <span class='ocr_line' id='line_1_16' title="bbox 293 1337 1190 1389; baseline -0.008 -9"><span class='ocrx_word' id='word_1_102' title='bbox 293 1344 368 1381; x_wconf 93' lang='lat' dir='ltr'>His</span> <span class='ocrx_word' id='word_1_103' title='bbox 389 1342 450 1380; x_wconf 82' lang='lat' dir='ltr'>ubi</span> <span class='ocrx_word' id='word_1_104' title='bbox 469 1341 566 1378; x_wconf 85' lang='lat' dir='ltr'>laeta</span> <span class='ocrx_word' id='word_1_105' title='bbox 583 1341 670 1377; x_wconf 90' lang='lat' dir='ltr'>deae</span> <span class='ocrx_word' id='word_1_106' title='bbox 688 1338 878 1389; x_wconf 79' lang='lat' dir='ltr'>permulsit</span> <span class='ocrx_word' id='word_1_107' title='bbox 897 1346 1050 1387; x_wconf 78' lang='lat' dir='ltr'>pectora</span> <span class='ocrx_word' id='word_1_108' title='bbox 1069 1337 1190 1383; x_wconf 83' lang='lat' dir='ltr'>dictis,</span> 
     </span>
     <span class='ocr_line' id='line_1_17' title="bbox 240 1404 1202 1461; baseline -0.008 -14"><span class='ocrx_word' id='word_1_109' title='bbox 240 1409 370 1461; x_wconf 64' lang='lat' dir='ltr'>jungit</span> <span class='ocrx_word' id='word_1_110' title='bbox 389 1421 502 1459; x_wconf 91' lang='lat' dir='ltr'>equos</span> <span class='ocrx_word' id='word_1_111' title='bbox 521 1421 610 1444; x_wconf 89' lang='lat' dir='ltr'>auro</span> <span class='ocrx_word' id='word_1_112' title='bbox 625 1407 783 1458; x_wconf 89' lang='lat' dir='ltr'>genitor,</span> <span class='ocrx_word' id='word_1_113' title='bbox 803 1404 1079 1454; x_wconf 78' lang='lat' dir='ltr'>spumantiaque</span> <span class='ocrx_word' id='word_1_114' title='bbox 1099 1404 1202 1440; x_wconf 84' lang='lat' dir='ltr'>addit</span> 
     </span>
     <span class='ocr_line' id='line_1_18' title="bbox 241 1469 1231 1521; baseline -0.006 -7"><span class='ocrx_word' id='word_1_115' title='bbox 241 1478 358 1515; x_wconf 78' lang='lat' dir='ltr'>Frena</span> <span class='ocrx_word' id='word_1_116' title='bbox 376 1475 473 1518; x_wconf 85' lang='lat' dir='ltr'>feris,</span> <span class='ocrx_word' id='word_1_117' title='bbox 501 1473 738 1521; x_wconf 84' lang='lat' dir='ltr'>manibusque</span> <span class='ocrx_word' id='word_1_118' title='bbox 757 1470 873 1507; x_wconf 85' lang='lat' dir='ltr'>omnis</span> <span class='ocrx_word' id='word_1_119' title='bbox 888 1469 1041 1507; x_wconf 88' lang='lat' dir='ltr'>effundit</span> <span class='ocrx_word' id='word_1_120' title='bbox 1060 1470 1231 1508; x_wconf 85' lang='lat' dir='ltr'>habenas.</span> 
     </span>
     <span class='ocr_line' id='line_1_19' title="bbox 240 1536 1192 1590; baseline -0.005 -11"><span class='ocrx_word' id='word_1_121' title='bbox 240 1541 415 1580; x_wconf 86' lang='lat' dir='ltr'>Caeruleo</span> <span class='ocrx_word' id='word_1_122' title='bbox 437 1553 500 1590; x_wconf 90' lang='lat' dir='ltr'>per</span> <span class='ocrx_word' id='word_1_123' title='bbox 518 1551 655 1576; x_wconf 80' lang='lat' dir='ltr'>summa</span> <span class='ocrx_word' id='word_1_124' title='bbox 673 1537 760 1574; x_wconf 85' lang='lat' dir='ltr'>levis</span> <span class='ocrx_word' id='word_1_125' title='bbox 779 1536 876 1573; x_wconf 77' lang='lat' dir='ltr'>volat</span> <span class='ocrx_word' id='word_1_126' title='bbox 895 1550 1053 1586; x_wconf 88' lang='lat' dir='ltr'>aequora</span> <span class='ocrx_word' id='word_1_127' title='bbox 1071 1550 1192 1574; x_wconf 86' lang='lat' dir='ltr'>curru.</span> 
     </span>
     <span class='ocr_line' id='line_1_20' title="bbox 243 1603 1198 1653; baseline -0.004 -9"><span class='ocrx_word' id='word_1_128' title='bbox 243 1607 445 1644; x_wconf 85' lang='lat' dir='ltr'>Subsidunt</span> <span class='ocrx_word' id='word_1_129' title='bbox 465 1605 593 1648; x_wconf 88' lang='lat' dir='ltr'>undae,</span> <span class='ocrx_word' id='word_1_130' title='bbox 613 1604 865 1653; x_wconf 90' lang='lat' dir='ltr'>tumidumque</span> <span class='ocrx_word' id='word_1_131' title='bbox 885 1604 951 1640; x_wconf 84' lang='lat' dir='ltr'>sub</span> <span class='ocrx_word' id='word_1_132' title='bbox 971 1616 1038 1640; x_wconf 82' lang='lat' dir='ltr'>axe</span> <span class='ocrx_word' id='word_1_133' title='bbox 1056 1603 1198 1640; x_wconf 87' lang='lat' dir='ltr'>tonanti</span> 
     </span>
     <span class='ocr_line' id='line_1_21' title="bbox 244 1668 1286 1720; baseline -0.002 -10"><span class='ocrx_word' id='word_1_134' title='bbox 244 1673 427 1710; x_wconf 82' lang='lat' dir='ltr'>Sternitur</span> <span class='ocrx_word' id='word_1_135' title='bbox 438 1684 573 1720; x_wconf 90' lang='lat' dir='ltr'>aequor</span> <span class='ocrx_word' id='word_1_136' title='bbox 586 1669 706 1719; x_wconf 85' lang='lat' dir='ltr'>aquis:</span> <span class='ocrx_word' id='word_1_137' title='bbox 725 1668 874 1720; x_wconf 90' lang='lat' dir='ltr'>fugiunt</span> <span class='ocrx_word' id='word_1_138' title='bbox 890 1678 990 1706; x_wconf 85' lang='lat' dir='ltr'>vasto</span> <span class='ocrx_word' id='word_1_139' title='bbox 1003 1670 1146 1708; x_wconf 87' lang='lat' dir='ltr'>aethere</span> <span class='ocrx_word' id='word_1_140' title='bbox 1162 1670 1286 1708; x_wconf 86' lang='lat' dir='ltr'>nimbi.</span> 
     </span>
     <span class='ocr_line' id='line_1_22' title="bbox 241 1735 1129 1780; baseline -0.005 -4"><span class='ocrx_word' id='word_1_141' title='bbox 241 1738 343 1776; x_wconf 88' lang='lat' dir='ltr'>Tum</span> <span class='ocrx_word' id='word_1_142' title='bbox 362 1737 475 1774; x_wconf 79' lang='lat' dir='ltr'>variae</span> <span class='ocrx_word' id='word_1_143' title='bbox 493 1736 668 1773; x_wconf 87' lang='lat' dir='ltr'>comitum</span> <span class='ocrx_word' id='word_1_144' title='bbox 687 1735 823 1780; x_wconf 82' lang='lat' dir='ltr'>facies;</span> <span class='ocrx_word' id='word_1_145' title='bbox 852 1735 1017 1772; x_wconf 89' lang='lat' dir='ltr'>immania</span> <span class='ocrx_word' id='word_1_146' title='bbox 1035 1744 1129 1779; x_wconf 89' lang='lat' dir='ltr'>cete,</span> 
     </span>
    </p>

    <p class='ocr_par' dir='ltr' id='par_1_4' title="bbox 243 1801 1208 1851">
     <span class='ocr_line' id='line_1_23' title="bbox 243 1801 1208 1851; baseline -0.004 -9"><span class='ocrx_word' id='word_1_147' title='bbox 243 1805 296 1842; x_wconf 78' lang='lat' dir='ltr'>Et</span> <span class='ocrx_word' id='word_1_148' title='bbox 317 1803 432 1841; x_wconf 81' lang='lat' dir='ltr'>senior</span> <span class='ocrx_word' id='word_1_149' title='bbox 452 1802 586 1842; x_wconf 87' lang='lat' dir='ltr'>Glauci</span> <span class='ocrx_word' id='word_1_150' title='bbox 606 1802 754 1845; x_wconf 91' lang='lat' dir='ltr'>chorus,</span> <span class='ocrx_word' id='word_1_151' title='bbox 785 1801 970 1851; x_wconf 89' lang='lat' dir='ltr'>Inousque</span> <span class='ocrx_word' id='word_1_152' title='bbox 999 1801 1208 1846; x_wconf 85' lang='lat' dir='ltr'>Palaemon,</span> 
     </span>
    </p>

    <p class='ocr_par' dir='ltr' id='par_1_5' title="bbox 209 1867 1287 2052">
     <span class='ocr_line' id='line_1_24' title="bbox 209 1867 1180 1923; baseline -0.004 -15"><span class='ocrx_word' id='word_1_153' title='bbox 209 1892 214 1895; x_wconf 83' lang='grc'><em>·</em></span> <span class='ocrx_word' id='word_1_154' title='bbox 243 1871 489 1920; x_wconf 87' lang='lat' dir='ltr'>Tritonesque</span> <span class='ocrx_word' id='word_1_155' title='bbox 509 1869 586 1912; x_wconf 88' lang='lat' dir='ltr'>citi,</span> <span class='ocrx_word' id='word_1_156' title='bbox 618 1869 825 1923; x_wconf 80' lang='lat' dir='ltr'>Phorcique</span> <span class='ocrx_word' id='word_1_157' title='bbox 852 1867 1033 1905; x_wconf 86' lang='lat' dir='ltr'>exercitus</span> <span class='ocrx_word' id='word_1_158' title='bbox 1052 1868 1180 1905; x_wconf 89' lang='lat' dir='ltr'>omnis.</span> 
     </span>
     <span class='ocr_line' id='line_1_25' title="bbox 243 1933 1287 1986; baseline -0.001 -13"><span class='ocrx_word' id='word_1_159' title='bbox 243 1938 366 1974; x_wconf 81' lang='lat' dir='ltr'>Laeva</span> <span class='ocrx_word' id='word_1_160' title='bbox 385 1944 512 1973; x_wconf 89' lang='lat' dir='ltr'>tenent</span> <span class='ocrx_word' id='word_1_161' title='bbox 531 1935 678 1978; x_wconf 82' lang='lat' dir='ltr'>Thetis,</span> <span class='ocrx_word' id='word_1_162' title='bbox 697 1943 735 1971; x_wconf 91' lang='lat' dir='ltr'>et</span> <span class='ocrx_word' id='word_1_163' title='bbox 751 1934 893 1978; x_wconf 86' lang='lat' dir='ltr'>Melite,</span> <span class='ocrx_word' id='word_1_164' title='bbox 909 1934 1150 1984; x_wconf 88' lang='lat' dir='ltr'>Panopeaque</span> <span class='ocrx_word' id='word_1_165' title='bbox 1170 1933 1287 1986; x_wconf 88' lang='lat' dir='ltr'>virgo,</span> 
     </span>
     <span class='ocr_line' id='line_1_26' title="bbox 244 2000 1162 2052; baseline -0.004 -12"><span class='ocrx_word' id='word_1_166' title='bbox 244 2003 396 2046; x_wconf 85' lang='lat' dir='ltr'>Nesaee,</span> <span class='ocrx_word' id='word_1_167' title='bbox 427 2002 603 2052; x_wconf 84' lang='lat' dir='ltr'>Spioque,</span> <span class='ocrx_word' id='word_1_168' title='bbox 624 2000 844 2050; x_wconf 86' lang='lat' dir='ltr'>Thaliaque,</span> <span class='ocrx_word' id='word_1_169' title='bbox 865 2001 1162 2050; x_wconf 85' lang='lat' dir='ltr'>Cymodoceque.</span> 
     </span>
    </p>

    <p class='ocr_par' dir='ltr' id='par_1_6' title="bbox 244 2067 1236 2246">
     <span class='ocr_line' id='line_1_27' title="bbox 300 2067 1236 2118; baseline -0.003 -12"><span class='ocrx_word' id='word_1_170' title='bbox 300 2068 378 2106; x_wconf 87' lang='lat' dir='ltr'>Hic</span> <span class='ocrx_word' id='word_1_171' title='bbox 398 2068 512 2118; x_wconf 87' lang='lat' dir='ltr'>patris</span> <span class='ocrx_word' id='word_1_172' title='bbox 530 2067 683 2104; x_wconf 89' lang='lat' dir='ltr'>Aeneae</span> <span class='ocrx_word' id='word_1_173' title='bbox 703 2080 910 2116; x_wconf 84' lang='lat' dir='ltr'>suspensam</span> <span class='ocrx_word' id='word_1_174' title='bbox 935 2067 1064 2104; x_wconf 91' lang='lat' dir='ltr'>blanda</span> <span class='ocrx_word' id='word_1_175' title='bbox 1084 2068 1236 2104; x_wconf 65' lang='lat' dir='ltr'>vicissim</span> 
     </span>
     <span class='ocr_line' id='line_1_28' title="bbox 246 2133 1209 2184; baseline -0.001 -12"><span class='ocrx_word' id='word_1_176' title='bbox 246 2134 394 2173; x_wconf 83' lang='lat' dir='ltr'>Gaudia</span> <span class='ocrx_word' id='word_1_177' title='bbox 412 2142 622 2184; x_wconf 86' lang='lat' dir='ltr'>pertentant</span> <span class='ocrx_word' id='word_1_178' title='bbox 642 2142 797 2170; x_wconf 88' lang='lat' dir='ltr'>mentem</span> <span class='ocrx_word' id='word_1_179' title='bbox 814 2148 823 2170; x_wconf 71' lang='grc' dir='ltr'>ι</span> <span class='ocrx_word' id='word_1_180' title='bbox 847 2133 955 2184; x_wconf 81' lang='lat' dir='ltr'>jubet</span> <span class='ocrx_word' id='word_1_181' title='bbox 973 2134 1075 2172; x_wconf 82' lang='lat' dir='ltr'>ocius</span> <span class='ocrx_word' id='word_1_182' title='bbox 1093 2134 1209 2171; x_wconf 87' lang='lat' dir='ltr'>omnis</span> 
     </span>
     <span class='ocr_line' id='line_1_29' title="bbox 244 2198 978 2246; baseline -0.001 -7"><span class='ocrx_word' id='word_1_183' title='bbox 244 2199 388 2240; x_wconf 79' lang='lat' dir='ltr'>Attoui</span> <span class='ocrx_word' id='word_1_184' title='bbox 408 2200 533 2246; x_wconf 63' lang='lat' dir='ltr'>malos»,</span> <span class='ocrx_word' id='word_1_185' title='bbox 559 2199 697 2238; x_wconf 88' lang='lat' dir='ltr'>intendi</span> <span class='ocrx_word' id='word_1_186' title='bbox 716 2199 862 2237; x_wconf 82' lang='lat' dir='ltr'>brachia</span> <span class='ocrx_word' id='word_1_187' title='bbox 881 2198 978 2238; x_wconf 86' lang='lat' dir='ltr'>velis.</span> 
     </span>
    </p>
   </div>
  </div>
 </body>
</html>
