1455 2685
166 334 197 354 v.
214 319 308 356 326.
467 314 769 354 AENEIDOS
825 315 899 352 VI.
1164 318 1215 354 45

164 429 330 468 Portitor
348 427 407 465 ille
427 427 601 473 Charon3
635 427 687 470 hi,
707 440 800 477 quos
815 426 913 463 vehit
935 426 1042 470 unda,
1059 426 1212 477 sepulti:

163 497 243 537 Nec
264 496 358 546 ripas
378 496 487 532 datur
506 495 703 532 horrendas
722 503 760 531 et
780 507 887 531 rauca
909 494 1045 530 fluenta

164 563 434 613 Transportare
454 562 567 612 prius,
588 575 696 611 quam
718 561 862 598 sedibus
877 575 955 598 ossa
977 560 1160 610 quierunt.

163 631 448 668 Centumerrant
456 627 810 678 annos,volitantque
824 628 912 665 haec
925 628 1048 665 littora
1058 630 1213 666 circumi

161 695 263 734 Tum
283 696 428 732 demum
448 694 593 732 admissi
613 703 741 746 stagna
761 704 936 745 exoptata
957 696 1128 734 revisunt⁴

163 762 342 800 Constitit
362 761 533 799 Anchisa
553 770 665 805 satuS,
685 771 723 798 et
743 762 894 813 vestigia
918 762 1062 812 pressit,

162 829 286 868 Multa
305 838 451 879 putans,
472 838 679 878 sortemque
694 828 812 865 animo
834 828 1022 866 miseratus
1041 829 1214 881 iniquam.

161 897 289 936 Cernit
309 897 358 934 ibi
379 905 550 940 moestos,
571 905 608 933 et
629 895 754 940 mortis
773 895 910 933 honore
938 898 1106 939 carentis,

162 963 400 1014 Leucaspim,
421 972 472 1008 et,
495 963 635 1014 Lyciae
649 963 840 1000 ductorem
860 963 994 1008 classis,
1015 965 1183 1003 Oronten
1202 980 1212 1004 t

163 1032 282 1081 Quos,
303 1029 407 1067 simul
426 1042 448 1067 a
468 1030 583 1082 Troja
601 1038 749 1067 ventosa
761 1044 826 1080 per
845 1044 1003 1081 aequora
1023 1041 1160 1076 vectos,

164 1097 303 1135 Obruit
323 1106 458 1140 auster,
478 1110 573 1147 aqua
591 1096 774 1135 involvens
790 1112 987 1149 navemque
1008 1100 1187 1151 virosque.

217 1165 320 1202 Ecce
339 1166 347 1201 !
372 1164 598 1215 gubernator
618 1177 693 1200 sese
710 1163 906 1215 Palinurus·
919 1167 1051 1217 agebat
1071 1183 1081 1206 :

166 1233 244 1282 Qui
267 1231 415 1282 Libyco
434 1245 550 1281 nuper
567 1244 688 1275 cursu,
710 1231 796 1267 dum
816 1231 931 1269 sidera
950 1242 1081 1277 servat,

165 1298 368 1336 Exciderat
388 1299 519 1349 puppi,
540 1297 666 1335 mediis
686 1297 822 1335 effusus
841 1298 875 1334 in
896 1300 1016 1338 undis.

163 1365 280 1404 Hunc
301 1365 363 1403 ubi
383 1365 442 1402 vix
462 1364 576 1402 multa
592 1373 772 1402 moestum
792 1367 968 1417 cognovit
989 1366 1023 1403 in
1045 1368 1202 1413 umbra,‘

164 1431 226 1470 Sic
245 1432 345 1483 prior
364 1431 564 1483 alloquitur
581 1447 590 1470 :
622 1433 717 1483 Quis
736 1441 787 1477 te,
810 1432 989 1477 Palinure,
1011 1434 1163 1471 deorum

166 1499 317 1548 Eripuit
336 1499 454 1544 nobis,
482 1500 675 1550 medioque
695 1500 762 1537 sub
782 1514 938 1550 aequore
959 1501 1109 1540 mersit?

165 1566 242 1605 Dic
263 1580 358 1618 age:
389 1581 542 1618 namque
562 1566 663 1612 mihi,
684 1566 793 1604 fallax
815 1567 911 1605 haud
933 1577 1016 1605 ante
1036 1578 1215 1620 repertuS,

166 1634 256 1672 Hoc
277 1647 349 1671 uno
364 1644 536 1684 responso
557 1634 713 1672 animum
732 1634 863 1672 delusit
883 1635 1027 1685 Apollo
1046 1651 1057 1681 ;

165 1700 241 1750 Qui
261 1699 339 1738 fore
358 1709 394 1738 te
414 1709 530 1752 ponto
548 1701 767 1739 incolumem
797 1702 948 1752 finisque
969 1703 1122 1740 canebat

164 1769 373 1806 Venturum
393 1768 600 1806 Ausonios.
629 1768 706 1807 En!
731 1768 819 1806 haec
836 1770 1012 1819 promissa
1033 1769 1122 1807 fides
1141 1772 1218 1809 cst?

166 1834 234 1874 Ille
254 1844 399 1873 autem=
431 1836 563 1886 Neque
582 1844 619 1873 te
640 1835 781 1874 Phoebi
801 1837 943 1874 cortina
967 1835 1109 1882 fefellit,

166 1902 260 1940 Dux
281 1902 522 1947 Anchisiada‚
542 1916 607 1940 nec
628 1916 684 1940 me
705 1903 793 1941 deus
812 1917 967 1954 aequore
988 1904 1123 1941 mersit.

168 1969 338 2019 Namque
357 1969 633 2021 gubernaclum,
663 1969 776 2008 multa
796 1971 829 2007 vi
858 1970 953 2007 forte
974 1970 1166 2015 revulsum,

167 2035 240 2073 Cui
259 2036 364 2073 datus
384 2036 574 2074 haerebam
594 2046 731 2082 custos,
751 2051 950 2088 cursusque
970 2038 1154 2088 regebam,

169 2103 417 2154 Praecipitans
436 2105 531 2142 traxi
551 2118 705 2158 mecum.
739 2105 858 2143 Maria
878 2118 1003 2155 aspera
1017 2107 1114 2156 juro,

169 2169 258 2208 Non
277 2168 391 2208 ullum
410 2184 478 2222 pro
499 2186 554 2210 me
575 2181 718 2210 tantum
738 2174 873 2223 cepisse
892 2173 1073 2215 timorem,

168 2238 293 2293 Quam
312 2247 376 2276 tua
395 2251 452 2287 ne,
471 2239 626 2291 spoliata
645 2240 764 2285 armis,
784 2253 934 2278 excussa
954 2247 1142 2291 magistro,
