1455 2685
105 311 141 353 ir.
160 316 250 354 85'8.
459 312 765 352 AENEIDOS
822 313 898 351 XI.
1092 314 1171 354 217

109 426 222 474 Dixit
240 442 251 472 ;
280 434 317 464 et
337 434 462 463 aurata
481 425 666 463 volucrem
687 425 863 462 Thre'issa
888 416 1063 476 sagittam

111 493 330 543 Depromsit
350 493 533 544 pharetra,
554 505 742 541 cornuque
761 489 900 528 infensa
920 491 1092 537 tetendit,

112 560 166 597 Et
187 560 293 597 duxit
313 559 437 610 longe,
458 559 574 596 donec
595 568 745 595 curvata
760 557 901 595 coirent

112 626 215 664 Inter
235 641 271 663 se
291 626 426 676 capita,
446 635 483 662 et
505 625 669 662 manibus
682 626 756 675 jam
776 633 944 676 tangeret
963 625 1101 675 aequis,

113 692 237 730 Laeva
255 693 368 730 aciem
389 692 489 735 ferri,
517 692 647 728 dextra
671 705 856 741 nervoque
875 691 1060 742 papillam.

111 758 315 810 Extemplo
335 758 398 796 teli
418 759 626 803 stridorem,
655 772 832 809 aurasque
852 759 1027 803 sonantis,

110 827 249 864 Audiit
268 840 339 864 una
358 828 520 870 Arruns,
548 825 736 876 haesitque
757 826 792 863 in
812 832 968 877 corpore
989 826 1137 865 ferrum,

111 893 223 931 Illum
242 894 486 944 exspirantem
506 893 608 938 socii,
629 902 744 944 atque
761 902 924 930 extrema
943 902 1166 945 gementem,

111 960 248 1005 Obliti,
269 961 401 1012 ignoto
422 975 637 1011 camporum
656 961 690 997 in
713 960 860 1011 pulvere
880 960 1050 1011 linquunt
1069 976 1079 999 :

110 1027 206 1079 Opis
225 1028 271 1065 ad
290 1027 493 1065 aetherium
513 1027 640 1077 pennis
659 1027 825 1064 aufertur
845 1027 1066 1078 Olympum.

164 1095 286 1134 Prima
306 1094 420 1147 fugit,
440 1095 586 1132 domina
605 1095 745 1138 amissa,
765 1095 853 1132 levis
872 1094 927 1132 ala
940 1095 1138 1135 Camillae:

109 1163 274 1201 Turbati
294 1161 443 1214 fugiunt
467 1162 599 1200 Rutuli
616 1179 626 1209 3
657 1162 758 1214 fugit
777 1176 857 1200 acer
879 1162 1016 1200 Atinas
1034 1178 1046 1208 3

110 1230 343 1282 Disjectique
363 1230 489 1274 duces,
510 1229 739 1280 desolatique
759 1229 923 1280 manipli,

108 1297 215 1335 Tuta
234 1305 381 1347 petunt,
402 1306 439 1334 et
459 1297 562 1347 equis
582 1296 697 1334 aversi
716 1298 762 1334 ad
783 1297 924 1343 moenia
942 1298 1113 1336 tendunt.

109 1364 190 1402 Nec
203 1364 397 1415 quisquam
413 1363 581 1401 instantis
602 1363 784 1409 Teucros,
800 1363 987 1415 letumque
1007 1364 1169 1412 ferentis,

109 1431 322 1469 sustentare
342 1430 436 1468 valet
458 1430 554 1475 telis,
573 1440 637 1468 aut
651 1431 777 1469 sistere
797 1440 951 1477 contra;

110 1500 185 1538 Sed
203 1498 306 1536 laxos
325 1497 490 1536 referunt
511 1498 670 1536 humeris
690 1497 949 1549 languentibus
967 1513 1084 1546 arcus,

107 1565 479 1617 Quadrupedumque
495 1574 643 1615 putrem
659 1579 767 1602 cursu
783 1565 904 1616 quatit
918 1566 1055 1618 ungula
1071 1581 1170 1604 cam-

108 1632 282 1670 Volvitur
301 1632 347 1668 ad
370 1645 507 1678 muros,
522 1631 678 1683 caligine
699 1632 868 1670 turbidus
888 1641 980 1678 atra,
1041 1637 1166 1685 [pum.

108 1700 232 1738 Pulvis
250 1716 260 1745 ;
290 1708 328 1737 et
347 1713 366 1737 e
387 1699 560 1749 speculis,
579 1713 771 1750 percussae
792 1709 958 1750 pectora,
983 1710 1114 1739 matres

109 1766 323 1805 Femineum
343 1766 539 1804 clamorem
560 1766 605 1803 ad
625 1766 722 1804 coeli
744 1767 860 1805 sidera
879 1767 1033 1807 tollunt.

107 1834 184 1884 Qui
204 1847 314 1871 cursu
335 1842 462 1884 portas
482 1833 589 1884 primi
610 1834 771 1884 irrupere
791 1835 966 1885 patentis,

108 1900 195 1938 Hos
215 1900 360 1937 inimica
380 1914 489 1951 super
509 1901 627 1938 mixto
649 1902 781 1952 premit
802 1902 948 1954 agmine
968 1902 1074 1940 turba
1089 1918 1101 1941 ε

108 1967 189 2005 Nec
210 1967 374 2005 miseram
394 1967 579 2019 effugiunt
595 1977 769 2015 mortem3
791 1969 867 2013 sed,
884 1969 1006 2006 limine
1023 1969 1055 2006 in
1072 1970 1167 2020 ipso,

106 2033 306 2071 Moenibus
326 2034 360 2071 in
380 2035 522 2085 patriis,
551 2044 662 2086 atque
682 2036 777 2073 inter
795 2045 879 2073 tuta
903 2036 1112 2082 domorum,

107 2100 271 2145 Confixi,
291 2101 479 2152 exspirant
499 2103 647 2141 animas.
684 2104 774 2140 Pars
794 2102 962 2141 claudere
983 2113 1110 2154 portas
1127 2118 1139 2150 ;

107 2167 188 2206 Nec
209 2167 316 2205 sociis
336 2169 475 2219 aperire
495 2170 602 2215 viam,
624 2184 689 2208 nec
710 2171 899 2209 moenibus
924 2172 1059 2213 audent

106 2235 296 2286 Accipere
315 2236 453 2274 orantis
469 2252 478 2275 ε
509 2238 698 2288 oriturque
719 2238 914 2276 miserrima
933 2240 1062 2276 caedes

105 2302 386 2341 Defendentum
407 2305 514 2342 armis
534 2305 670 2350 aditus,
690 2304 800 2358 inque
813 2320 911 2344 arma
933 2312 1126 2347 ruentum}

169 2369 290 2409 TOM.
325 2370 379 2409 [r.
655 2372 688 2409 E
718 2387 738 2409 e
