1455 2685
208 322 284 359 142
507 318 808 358 AENEIDOS
866 319 942 356 IX.
1118 333 1152 358 v.
1167 321 1257 358 520.

207 432 410 470 Missilibus
430 440 587 470 certant.

208 500 318 538 Parte
339 500 418 543 alia,
438 499 638 536 horrendus
658 498 748 542 visu,
778 497 972 547 quassabat
995 496 1191 535 Etruscam

205 566 337 604 Pinum
357 576 394 604 et
413 566 600 602 fumiferos
618 564 727 602 infert
749 564 961 601 Mezentius
982 563 1076 614 ignis
1094 579 1103 602 ι

206 634 268 671 At
287 634 493 683 Messapus,
522 633 657 682 equum
677 631 848 675 domitor,
871 631 1060 681 Neptunia
1075 630 1209 681 proles,

209 700 400 738 Rescindit
419 699 564 743 vallum,
584 708 621 736 et
641 698 750 736 scalas
770 698 805 734 in
826 697 967 734 moenia
987 698 1122 747 poscit.

259 768 351 810 Vos,
371 781 393 803 o
414 765 578 816 Calliope
597 768 605 803 !
638 779 782 815 precor,
801 760 983 814 adspirate
1003 764 1161 807 canenti,

207 836 308 884 Quas
327 834 377 871 ibi
397 842 486 870 tunc
506 833 601 870 ferro
620 842 774 883 strages,
803 845 893 881 quae
914 831 1039 868 funera
1059 831 1211 868 Turnus

206 900 376 939 Ediderit
393 916 405 946 3
435 914 542 951 quem
562 899 715 949 quisque
733 899 849 935 virum
868 898 1050 935 demiserit
1071 898 1175 935 Orco
1193 912 1201 935 :

205 968 260 1005 Et
280 981 420 1004 mecum
440 966 596 1018 ingentis
615 979 695 1003 oras
715 964 869 1003 evolvite
888 964 985 1001 belli.

205 1034 260 1072 Et
279 1033 489 1071 meministis
508 1033 614 1077 enim,
634 1033 748 1076 divae,
761 1042 799 1069 et
819 1019 1020 1068 memorare
1039 1030 1210 1080 potestis.

258 1100 391 1138 Turris
409 1109 485 1138 erat
506 1110 608 1137 vasto
629 1108 816 1149 suspectu,
835 1108 874 1136 et
893 1098 1068 1149 pontibus
1087 1097 1185 1143 altis,

206 1168 432 1218 Opportuna
450 1166 533 1204 loco
551 1182 561 1211 ;
593 1166 738 1203 summis
758 1179 866 1216 quam
886 1165 1021 1202 viribus
1041 1178 1166 1202 omnes

206 1234 434 1285 Expugnare
455 1233 556 1278 Itali,
575 1247 784 1283 summaque
804 1241 965 1270 evertere
984 1245 1097 1281 opum
1115 1231 1164 1277 vi,

205 1301 407 1339 Certabant
424 1315 433 1338 :
466 1299 587 1337 Tro'e's
607 1309 735 1337 contra
755 1299 946 1336 defendere
966 1299 1073 1342 saxis,

206 1367 349 1417 Perque
369 1381 472 1404 cavas
491 1366 590 1403 densi
609 1366 683 1403 tela
702 1366 911 1415 intorquere
931 1365 1118 1402 fenestras.

205 1434 379 1484 Princeps
399 1433 582 1471 ardentem
602 1433 758 1485 conjecit
778 1432 944 1482 lampada
968 1431 1134 1475 Turnus,

206 1501 260 1538 Et
281 1501 460 1537 flammam
479 1499 592 1537 affixit
614 1500 742 1545 lateri3
773 1513 866 1549 quae
886 1498 1041 1547 plurima
1061 1507 1171 1534 vento

205 1568 395 1617 Corripuit
415 1567 571 1611 tabulas,
591 1576 627 1604 et
649 1567 817 1617 postibus
837 1566 953 1603 haesit
973 1566 1102 1604 adesis,

204 1634 363 1671 Turbati
383 1634 564 1684 trepidare
582 1634 693 1676 intus,
714 1633 919 1683 frustraque
939 1632 1116 1669 malorum

203 1701 309 1738 Velle
328 1700 466 1752 fugam.
498 1701 602 1738 Dum
618 1715 654 1738 se
670 1700 890 1752 glomerant,
904 1709 1077 1749 retroque
1090 1698 1252 1736 residunt

182 1785 184 1791 ⁴
204 1768 248 1804 In
269 1776 424 1817 partem,
453 1780 544 1816 quae
565 1776 666 1816 peste.
687 1776 785 1804 caret
803 1781 814 1812 3
843 1776 923 1803 tum
942 1766 1104 1816 pondere
1125 1764 1235 1802 turris

203 1834 409 1873 Procubuit.
429 1834 565 1878 subito,
584 1842 620 1871 et
641 1833 784 1870 coelum
804 1841 908 1870 tonat
927 1846 1032 1870 omne
1052 1832 1212 1884 fragore.

206 1901 412 1940 Semineces
431 1900 476 1937 ad
495 1908 639 1945 terram,
669 1899 812 1936 immani
834 1899 927 1936 mole
947 1908 1083 1944 secuta,

203 1968 424 2018 Confixique
444 1967 516 2004 suis
534 1966 628 2011 telis,
656 1976 693 2004 et
714 1976 865 2016 pectora
885 1967 976 2003 duro

204 2034 414 2073 Transfossi
431 2033 546 2084 ligno,
567 2033 726 2070 veniunt.
758 2033 832 2071 Vix
854 2047 946 2070 unus
968 2032 1137 2070 Helenor

206 2102 258 2139 Et
281 2101 410 2151 Lycus
429 2100 569 2150 elapsi:
600 2114 755 2150 quorum
771 2100 971 2150 primaevus
992 2099 1174 2145 Helenor,

204 2168 378 2206 Maeonio
397 2167 474 2219 regi
496 2181 604 2217 quem
624 2180 723 2204 serva
743 2167 940 2217 Licymnia
960 2166 1087 2203 furtim

208 2235 426 2281 Sustulerat,
448 2235 640 2286 vetitisque
661 2235 707 2272 ad
726 2235 879 2286 Trojam
899 2234 1042 2273 miserat
1062 2234 1183 2281 armis,
