1455 2685
159 293 235 328 140
422 290 721 329 AENEmos
776 265 853 329 ix.
1058 310 1090 332 v.
1108 297 1198 335 464.

158 401 324 451 Quisque
344 415 448 448 suas3
480 403 654 452 variisque
673 412 808 440 acuunt
828 405 1032 442 rumoribus
1051 406 1133 444 iras.

158 467 258 516 Quin
277 468 354 517 ipsa
373 470 532 513 arrectis,
561 471 637 507 visu
657 469 877 508 miserabile!
910 471 945 507 in
965 472 1078 508 hastis

156 532 369 585 Praefigunt
389 536 523 585 capita,
552 546 588 573 et
609 537 725 574 multo
745 537 900 574 clamore
921 549 1136 588 sequuntur,

159 598 312 651 Euryali
332 610 369 638 et
391 602 483 640 Nisi.

157 667 357 705 Aeneadae
377 669 457 704 duri
477 683 662 707 murorum
682 670 718 706 in
738 680 840 720 parte
862 672 1004 708 sinistra

159 734 379 784 Opposuere
397 736 522 780 aciem,
551 750 631 772 nam
651 737 801 774 dextera
820 738 980 789 cingitur
1000 738 1093 774 amni
1112 753 1121 782 ;

160 801 401 853 Ingentisque
421 812 546 839 tenent
567 803 692 847 fossas,
712 813 748 841 et
769 804 928 841 turribus
948 804 1029 841 altis

160 867 269 904 Stant
289 869 441 907 moesti:
472 869 576 906 simul
595 884 657 906 ora
676 870 788 907 virum
817 870 977 919 praefixa
996 871 1204 915 movebant,

160 932 262 970 Nota
282 934 385 972 nimis
405 936 556 980 miseris,
585 945 738 986 atroque
761 937 908 973 fluentia
927 938 1028 974 tabo.

211 1002 356 1043 Interea
374 1002 539 1052 pavidam
560 1003 713 1039 volitans
732 1012 889 1053 pennata
908 1017 973 1053 per
991 1004 1119 1040 urbem

161 1069 303 1106 Nuntia
325 1070 434 1106 Fama
454 1070 539 1113 ruit,
569 1069 764 1119 matrisque
784 1069 953 1106 allabitur
970 1071 1064 1106 auris

159 1135 314 1185 Euryali
331 1151 339 1173 :
371 1145 407 1172 at
423 1136 564 1172 subitus
584 1135 731 1173 miserae
750 1135 849 1172 calor
868 1150 948 1173 ossa
967 1136 1112 1186 reliquit
1128 1151 1140 1181 ς

159 1202 318 1239 Excussi
337 1202 500 1238 manibus
520 1202 622 1245 radii,
651 1201 888 1251 revolutaque
908 1215 1031 1251 pensa.

159 1268 294 1305 Evolat
313 1267 452 1312 infelix,
481 1277 532 1312 et,
560 1267 715 1304 femineo
736 1268 891 1313 ululatu,

161 1336 281 1374 Scissa
300 1349 454 1379 comam,
483 1349 604 1371 muros
624 1348 743 1371 amens
759 1344 869 1385 atque
889 1335 1031 1386 agmina
1052 1350 1160 1373 cursu

157 1402 278 1441 Prima
299 1401 392 1452 petit
411 1417 419 1446 ;
441 1415 512 1438 non
532 1401 591 1437 illa
604 1401 731 1446 virum,
752 1416 821 1438 non
838 1401 897 1438 illa
908 1401 1047 1452 pericli,
1087 1401 1201 1451 [pletz

158 1470 423 1519 Telorumque,
437 1482 598 1512 mernor3
619 1468 760 1504 coelum
781 1468 910 1505 dehinc
932 1469 1120 1518 questibus
1141 1469 1206 1504 im·

159 1539 276 1576 Hunc
295 1551 365 1587 ego
380 1546 430 1580 te,
446 1534 620 1585 Euryale,
637 1534 799 1584 adspicio
819 1536 830 1572 ἓ
851 1544 951 1579 tune,
965 1535 1024 1571 illa
1042 1545 1205 1572 senectae

162 1605 250 1641 Sera
268 1616 366 1639 meae
385 1601 538 1651 requies,
558 1601 712 1651 potuisti
731 1601 892 1651 linquere
912 1601 1035 1646 solam,

160 1668 356 1708 Crudelis?
384 1682 449 1704 nec
469 1677 519 1711 te,
541 1669 607 1704 sub
627 1677 728 1704 tanta
747 1667 905 1717 pericula
925 1669 1087 1714 missurn,

159 1735 284 1774 Affari
302 1743 504 1771 extremum
524 1734 670 1771 miserae
691 1735 776 1771 data
794 1735 902 1784 copia
921 1736 1026 1771 matri
1044 1737 1057 1772 ?

161 1798 275 1841 Heu!
299 1810 395 1838 terra
413 1800 553 1851 ignota,
573 1801 722 1838 canibus
742 1802 826 1838 date
842 1801 975 1850 praeda
996 1801 1152 1848 Latinis,

160 1869 416 1918 Alitibusque‚
432 1869 553 1918 jaces!
587 1882 652 1904 nec
672 1877 709 1904 te
730 1876 794 1904 tua
813 1867 940 1904 funera
960 1877 1074 1904 mater

161 1934 339 1979 Produxi,
359 1933 513 1984 pressive
533 1933 673 1977 oculos,
693 1942 756 1970 aut
776 1933 919 1970 vulnera
937 1933 1020 1978 lavi,

159 2005 275 2042 Veste
294 2012 434 2052 tegens,
454 2001 522 2038 tibi
542 2014 649 2050 quam
668 2010 794 2037 noctes
813 2000 943 2037 festina
963 2001 1109 2052 diesque

160 2068 392 2120 Urguebam,
421 2076 458 2104 et
479 2066 549 2103 tela
568 2081 671 2104 curas
691 2067 832 2104 solabar
849 2067 961 2105 anilis.

161 2139 248 2187 Quo
261 2135 409 2185 sequar?
424 2143 486 2171 aut
501 2147 591 2184 quae
605 2148 697 2170 nunc
711 2134 1020 2184 artus,avolsaque
1033 2136 1207 2182 membra,

160 2204 214 2252 Et
234 2202 340 2240 funus
357 2201 530 2248 lacerum,
548 2200 655 2239 tellus
674 2201 810 2239 habet?
839 2200 909 2246 hoc
930 2201 1017 2238 mihi
1039 2200 1082 2238 de
1104 2210 1152 2247 te,
