1455 2685
227 303 279 342 81⁴
486 303 785 344 AENEIDOS
840 306 938 345 VII.
1141 323 1175 346 v.
1190 311 1284 348 493.

230 413 348 452 Hunc
369 415 498 464 procul
518 427 696 454 errantem
716 417 861 455 rabidae
881 418 1043 456 venantis
1066 419 1137 456 Iuli

229 480 470 522 Commovere
490 496 624 528 canes3
655 484 766 520 fluvio
787 498 898 534 quum
920 484 1016 522 forte
1038 487 1197 531 secundo

227 545 434 592 Deflueret‚
463 549 612 600 ripaque
632 559 751 587 aestus
773 551 946 589 viridante
966 551 1115 589 levaret.

227 613 314 664 Ipse
334 615 455 658 etiam,
476 616 628 654 eximiae
646 616 761 654 laudis
775 631 967 655 succensus
986 632 1122 665 amore,

226 681 411 719 Ascanius
431 696 541 720 curvo
563 683 694 721 direxit
715 685 851 735 spicula
871 700 983 722 cornu
1003 701 1012 723 :

226 748 308 788 Nec
329 748 475 786 dextrae
495 751 628 787 erranti
649 752 738 788 deus
757 751 849 790 afuit
869 768 879 798 3
909 762 1063 803 actaque
1083 753 1201 791 multo

227 814 371 865 Perque
387 826 531 854 uterum
552 819 687 862 sonitu,
708 833 846 869 perque
866 818 937 864 ilia,
959 819 1056 856 venit
1076 820 1228 857 arundo.

225 881 379 918 Saucius
397 892 433 919 at
455 885 659 934 quadrupes
681 895 765 922 nota
787 886 881 922 intra
900 894 998 922 tecta
1018 885 1170 937 refugit,

224 948 481 999 Successitque
493 964 638 1000 gemens
657 951 832 996 stabulis;
855 962 1074 1001 questuque,
1093 962 1281 998 cruentus,

223 1016 358 1065 Atque
378 1016 585 1065 imploranti
605 1017 739 1062 similis,
759 1027 899 1054 tectum
920 1032 1026 1055 omne
1045 1019 1224 1068 replebat.

224 1081 334 1119 Silvia
353 1082 470 1131 prima
488 1097 601 1127 soror,
623 1083 749 1132 paimis
771 1098 941 1133 percussa
961 1084 1131 1129 lacertos,

221 1148 419 1187 Auxilium
440 1159 559 1193 vocat,
579 1158 615 1186 et
635 1151 745 1187 duros
764 1151 969 1191 conclamat
989 1148 1153 1202 agrestis.

221 1216 312 1259 Olli,
332 1216 444 1266 pestis
463 1215 557 1256 enim
578 1217 697 1254 tacitis
717 1217 804 1254 latet
826 1231 951 1267 aspera
977 1218 1086 1263 silvis,

222 1283 417 1332 Improvisi
436 1283 565 1321 adsunt
583 1299 594 1328 ;
624 1284 683 1321 hic
703 1293 800 1321 torre
820 1294 980 1321 armatus
1000 1285 1150 1330 obusto,

221 1349 366 1399 stipitis
386 1349 446 1386 hic
466 1349 604 1400 gravidi
624 1350 753 1387 nodis:
786 1351 887 1400 quod
907 1351 1038 1401 cuique
1063 1361 1248 1402 repertum

223 1417 405 1460 Rimanti,
421 1416 536 1453 telum
556 1417 607 1452 ira
627 1416 726 1453 facit.
759 1418 883 1454 Vocat
900 1419 1046 1468 agmina
1067 1417 1274 1468 Tyrrheus,

221 1484 474 1534 Quadrifidam
494 1497 667 1534 quercum
687 1484 810 1520 cuneis
828 1493 869 1520 ut
889 1483 984 1522 forte
1005 1485 1142 1522 coactis

223 1550 436 1594 scindebat,
464 1559 568 1600 rapta
587 1551 726 1600 spirans
746 1550 899 1588 immane
920 1551 1049 1588 securi.

273 1619 333 1664 At
355 1630 457 1656 saeva
475 1631 494 1654 e
515 1617 671 1666 speculis
691 1627 836 1667 tempus
857 1618 923 1654 dea
943 1628 1047 1655 nacta
1067 1620 1222 1656 nocendi

217 1685 354 1723 Ardua
373 1693 472 1722 tecta
492 1684 586 1734 petit
607 1683 740 1722 stabuli
759 1699 770 1728 ;
799 1693 837 1721 et
856 1684 901 1721 de
921 1683 1076 1721 culmine
1093 1699 1235 1723 summo

220 1750 406 1791 Pas-torale
425 1750 522 1788 canit
543 1751 699 1801 signum,
719 1764 909 1800 cornuque
929 1763 1082 1788 recurvo

220 1821 437 1860 Tartaream
456 1818 609 1854 intendit
630 1831 754 1856 vocem
772 1832 782 1855 :
814 1831 886 1867 qua
906 1827 1081 1868 protenus
1100 1832 1206 1857 omne

220 1885 452 1926 Contremuit
475 1898 612 1928 nemus,
632 1893 670 1920 et
691 1883 799 1920 silvae
819 1883 1007 1920 intonuere
1032 1884 1246 1934 profundae.

221 1952 359 1992 Audiit
377 1960 414 1988 et
435 1951 580 1988 Triviae
601 1950 711 2001 longe
731 1950 854 1988 lacus:
886 1950 1002 1988 audiit
1023 1951 1137 1988 amnis

223 2018 392 2059 Sulfurea
414 2018 494 2056 Nar
512 2017 614 2054 albus
635 2031 741 2067 aqua,
771 2016 966 2067 fontesque
987 2017 1110 2054 Velini
1128 2034 1138 2062 ς

222 2088 278 2126 Et
298 2085 460 2135 trepidae
481 2094 611 2121 matres
633 2098 793 2134 pressere
814 2085 857 2120 ad
878 2093 1028 2134 pectora
1047 2094 1164 2122 natos.

263 2153 363 2191 Tum
385 2165 470 2188 vero
491 2151 536 2188 ad
557 2165 682 2188 vocem
698 2150 844 2194 celeres,
865 2164 936 2201 qua
956 2151 1117 2207 buccina
1131 2152 1275 2203 siguum

218 2221 318 2277 pira
337 2218 453 2264 dedit,
476 2218 586 2270 raptis
605 2228 829 2256 concurrunt
849 2218 1009 2269 undique
1030 2217 1110 2256 telis
