1455 2685
226 302 304 339 106
493 297 796 339 AENEIDOS
853 299 977 338 VIII.
1132 315 1167 340 v.
1189 304 1280 345 271.

228 410 340 450 Hanc
360 423 456 448 aram
476 410 560 449 luco
581 411 725 455 statuit,
746 425 839 462 quae
861 411 1027 449 Maxima
1046 425 1189 464 semper

227 478 390 516 Dicetur
409 478 526 523 nobis,
545 488 583 516 et
604 479 672 516 erit
692 493 785 529 quae
799 479 957 516 maxima
976 493 1128 530 semper.

227 547 352 596 Quare
363 546 478 597 agite,
496 561 518 584 o
528 548 694 598 juvenes!
719 556 903 585 tantarum
918 547 953 584 in
966 561 1113 586 munere
1124 547 1286 595 laudum,

226 613 378 665 Cingite
397 612 526 651 fronde
546 628 681 659 comas,
709 623 746 652 et
766 613 900 665 pocula
919 615 1068 666 porgite
1087 616 1241 662 dextris,

224 681 541 732 Communemque
556 690 684 718 vocate
700 682 822 727 deum,
837 690 875 718 et
888 682 973 719 date
989 682 1069 719 vina
1080 682 1258 721 volentes.

225 748 386 787 Dixerat
405 763 415 791 ;
447 746 636 784 Herculea
655 746 799 784 bicolor
819 761 932 799 quum
952 748 1111 798 populus
1131 750 1260 787 umbra

226 815 447 865 Velavitque
466 828 602 859 comas,
631 813 800 864 foliisque
820 814 949 852 innexa
969 816 1146 865 pependit
1163 831 1175 862 ;

227 883 281 922 Et
302 896 403 920 sacer
420 882 586 932 implevit
605 882 773 918 dextram
788 882 963 932 scyphus.
1022 883 1141 922 Ocius
1159 898 1287 923 omnes

225 951 270 989 In
292 963 448 987 mensam
468 948 554 986 laeti
573 948 701 994 libant,
730 949 904 999 divosque
924 960 1134 999 precantur.

278 1017 436 1055 Devexo
457 1016 594 1053 interea
613 1015 764 1066 propior
783 1016 825 1053 fit
846 1017 990 1066 Vesper
1009 1016 1176 1068 Olympo
1192 1032 1204 1056 ε

226 1086 380 1135 Jamque
400 1084 620 1128 sacerdotes,
642 1084 852 1133 primusque
874 1083 1048 1128 Potitius,
1067 1084 1185 1130 ibant,

226 1152 388 1191 Pellibus
407 1152 442 1188 in
464 1164 601 1187 morem
621 1150 747 1194 cincti,
767 1150 1001 1201 flammasque
1021 1150 1202 1189 ferebant.

227 1220 437 1257 Instaurant
456 1217 593 1268 epulas,
612 1227 649 1255 et
669 1231 811 1255 mensae
831 1227 936 1269 grata
955 1219 1135 1256 secundae

226 1287 340 1325 Dona
360 1285 496 1329 ferunt,
525 1284 786 1335 cumulantque
806 1285 963 1322 oneratis
982 1284 1146 1322 lancibus
1165 1298 1256 1324 aras.

224 1352 328 1392 Tum
350 1352 437 1391 Salii
458 1353 503 1389 ad
523 1361 667 1396 cantus,
685 1351 831 1388 incensa
851 1351 977 1388 altaria
996 1352 1149 1397 circum,

225 1419 401 1471 Populeis
421 1419 554 1456 adsunt
567 1418 701 1456 evincti
721 1427 888 1468 tempora
907 1418 1014 1455 ramis
1033 1434 1043 1463 ;

226 1487 306 1526 Hic
318 1489 490 1539 juvenum
503 1485 651 1530 chorus,
664 1485 723 1522 ille
738 1499 863 1523 senum
882 1485 977 1538 ;,qui
991 1485 1148 1522 carmine
1159 1483 1283 1523 laudes

227 1554 435 1593 Herculeas
455 1563 492 1590 et
511 1551 611 1590 facta
630 1552 754 1590 ferunt
770 1567 780 1590 ς
807 1562 849 1589 ut
865 1552 980 1602 prima
1001 1565 1176 1589 novercae

224 1621 408 1665 Monstra,
428 1634 550 1665 manu,
569 1620 820 1672 geminosque,
850 1632 1028 1670 premens,
1058 1617 1192 1656 eliserit
1221 1632 1284 1655 an-

226 1691 287 1729 Ut
306 1688 404 1726 bello
423 1688 589 1739 egregias
608 1687 705 1724 idem
725 1687 906 1740 disjecerit
926 1687 1039 1731 urbis,
1147 1686 1252 1738 [guis
1271 1702 1282 1732 ς

226 1758 452 1810 Trojamque
475 1754 764 1805 Oechaliamque
781 1770 792 1800 3
823 1764 865 1791 ut
881 1754 991 1791 duros
1011 1753 1107 1791 mille
1127 1753 1269 1792 labores

231 1826 338 1877 Rege
359 1824 425 1862 sub
443 1822 672 1873 Eurystheo,
693 1821 778 1859 fatis
798 1820 951 1860 Junonis
971 1820 1129 1870 iniquae,

226 1892 437 1932 Pertulerit.
478 1890 544 1928 Tu
564 1890 779 1942 nubigenas,
799 1886 1190 1933 invicte‚·bimembris,

224 1960 488 2011 Hylaeumque
511 1957 756 2008 Pholumque,
776 1969 898 2000 manu,
919 1965 960 1992 tu
979 1954 1106 1992 Cresia
1125 1964 1264 1993 mactas

225 2027 416 2078 Prodigia,
437 2034 474 2062 et
494 2035 634 2062 vastum
655 2025 795 2063 Nemea
814 2023 882 2061 sub
903 2036 992 2073 rupe
1011 2021 1180 2059 leonem:

222 2094 282 2133 Te
305 2093 430 2145 Stygii
449 2101 629 2129 tremuere
647 2090 762 2136 lacus,
782 2098 818 2128 te
834 2090 970 2142 janitor
991 2089 1098 2134 Orci,

225 2162 322 2200 Ossa
340 2174 449 2210 super
468 2159 645 2197 recubans
666 2167 772 2195 antro
791 2170 925 2195 semesa
945 2165 1116 2194 cruento:

226 2229 308 2266 Nec
327 2238 365 2266 te
384 2226 479 2265 ullae
500 2225 624 2272 facies,
648 2239 721 2264 non
741 2224 872 2264 terruit
890 2224 968 2275 ipse
987 2223 1212 2275 Typhoeus,
