1455 2685
173 369 208 394 v.
230 357 295 396 47.
474 353 776 393 AENEIDOS
835 355 910 392 IX.
1149 356 1225 396 125

206 466 368 510 Turnus,
382 476 425 504 ut
437 476 519 505 ante
534 466 656 504 volans
669 466 813 503 tardum
827 475 1068 515 praecesserat
1081 480 1227 518 agmen,

174 532 317 583 Viginti
336 532 440 570 lectis
458 534 624 583 equitum
645 532 841 569 comitatus
860 542 897 569 et
919 532 999 569 urbi

174 599 398 649 Improvisus
417 599 543 636 adest:
574 598 723 635 maculis
742 611 850 648 quem
872 598 1056 636 Thracius
1081 599 1171 636 albis

175 663 307 702 Portat
327 678 456 715 equus,
484 665 665 714 cristaque
686 665 779 716 tegit
801 664 903 716 galea
923 678 1029 701 aurea
1048 665 1169 702 rubra.

171 728 313 781 Ecquis
331 732 413 775 erit,
436 734 759 782 mecum,juvenes,
773 733 834 781 qui
849 731 984 780 primus
1000 731 1034 767 in
1051 732 1193 768 hostem
1210 732 1223 769 ?

172 798 255 835 En!
279 798 354 836 ait:
383 807 437 841 et,
452 797 614 850 jaculum
634 807 862 848 attorquens,
881 798 1017 835 emittit
1038 797 1072 834 in
1093 812 1209 842 auras,

171 863 399 914 Principium
418 877 578 915 pugnae,
605 873 642 901 et
662 878 791 914 campo
812 877 886 900 sese
906 863 1039 901 arduus
1059 864 1182 902 infert.

169 929 337 968 Clamore
356 930 545 980 excipiunt
566 930 665 973 socii,
695 929 915 980 fremituque
936 939 1138 980 sequuntur

170 995 379 1034 Horrisono
399 1011 408 1034 ε
440 996 629 1034 Teucrum
650 996 826 1034 mirantur
844 997 970 1034 inertia
991 998 1101 1036 corda
1118 1015 1130 1044 ς

168 1061 254 1100 Non
276 1076 393 1113 aequo
413 1063 497 1099 dare
518 1076 554 1099 se
573 1077 720 1112 campo,
741 1076 811 1099 non
833 1064 938 1100 obvia
957 1063 1050 1101 ferre
1111 1065 1220 1115 [huc,

167 1129 286 1166 Arma
306 1129 413 1173 viros,
430 1129 492 1166 sed
507 1139 623 1166 castra
643 1128 777 1166 fovere.
809 1130 899 1167 Huc
915 1130 1096 1174 turbidus,
1111 1140 1220 1181 atque

167 1194 323 1232 Lustrat
342 1209 439 1246 equo
458 1209 594 1240 muros,
615 1196 826 1245 aditumque
848 1210 912 1245 per
931 1197 1007 1232 avia
1028 1197 1182 1246 quaerit.

165 1261 244 1305 Ac,
264 1261 373 1298 veluti
393 1260 500 1311 pleno
519 1262 629 1312 lupus
647 1262 836 1299 insidiatus
855 1262 952 1305 ovili,

164 1328 292 1376 Quum
311 1327 431 1366 fremit
452 1329 498 1365 ad
517 1328 651 1372 caulas,
672 1338 796 1365 ventos
819 1342 1009 1378 perpessus
1028 1330 1215 1375 etimbris,

164 1393 289 1435 Nocte
309 1408 418 1445 super
437 1396 553 1432 media
574 1410 582 1433 :
612 1395 686 1432 tuti
707 1396 773 1431 sub
795 1395 970 1432 matribus
992 1397 1078 1447 agni

165 1459 335 1499 Balatum
354 1471 523 1499 exercent
543 1477 552 1499 z
574 1461 647 1506 ille,
667 1475 783 1512 asper,
804 1471 841 1499 et
861 1462 1049 1512 improbus
1070 1463 1134 1508 ira,

165 1527 288 1564 Saevit
308 1528 342 1565 in
363 1529 521 1566 absentis
539 1544 548 1566 :
581 1527 736 1565 collecta
756 1528 889 1579 fatigat
909 1528 1041 1566 edendi

164 1593 225 1632 Ex
245 1594 356 1646 longo
377 1595 504 1638 rabies,
537 1604 574 1632 et
595 1595 711 1632 siccae
731 1594 905 1645 sanguine
926 1594 1062 1633 fauces.

163 1660 278 1698 Haud
299 1660 402 1698 aliter
423 1660 582 1705 Rutulo,
610 1674 732 1698 muros
751 1670 789 1699 et
809 1670 927 1698 castra
947 1662 1078 1705 tuenti,

162 1727 366 1778 Ignescunt
386 1728 485 1774 irae3
515 1728 615 1766 duris
635 1727 741 1765 dolor
759 1728 903 1765 ossibus
922 1728 1023 1765 ardet
1041 1744 1052 1773 ;

159 1795 247 1844 Qua
266 1803 384 1832 tentet
398 1794 535 1832 ratione
556 1793 688 1838 aditus,
716 1802 754 1831 ct
774 1807 866 1844 quae
888 1794 942 1831 via
962 1794 1104 1832 clausos

160 1861 341 1899 Excutiat
361 1855 529 1899 Teucros
549 1860 654 1905 vallo,
675 1869 784 1911 atque
804 1860 966 1899 effundat
987 1862 1020 1898 in
1043 1876 1191 1912 aequor.

159 1928 337 1972 Classem,
366 1942 458 1979 quae
477 1928 580 1966 lateri
599 1936 800 1965 castrorum
821 1928 989 1978 adjuncta
1005 1928 1158 1974 latebat,

159 1995 381 2046 Aggeribus
401 2003 541 2045 septam
561 1995 714 2038 circum,
742 2003 779 2032 et
801 1994 1003 2031 fluvialibus
1023 1995 1142 2040 undis,

160 2061 331 2106 Invadit3
361 2061 550 2111 sociosque
570 2060 734 2097 incendia
755 2061 875 2110 poscit
896 2061 1049 2105 ovantis,

158 2126 292 2176 Atque
313 2140 456 2163 manum
475 2127 562 2177 pinu
586 2126 752 2177 flagranti
772 2125 930 2163 fervidus
949 2126 1089 2176 implet.

158 2193 260 2231 Tum
281 2207 364 2231 vero
384 2194 597 2232 incumbunt
617 2209 626 2238 ;
658 2201 789 2244 urguet
810 2194 1011 2243 praesentia
1031 2194 1149 2231 Turni
1163 2210 1178 2239 ς

157 2260 292 2311 Atque
311 2261 426 2298 omnis
445 2260 584 2298 facibus
600 2262 718 2313 pubes
738 2260 944 2312 accingitur
963 2260 1059 2297 atris.
