1455 2685
131 346 165 371 v.
182 332 275 373 467.
438 329 739 369 AENEIDOS
802 331 879 369 XI.
1116 333 1193 370 203

898 418 904 430 ‚

133 444 281 487 Cetera,
311 455 383 493 qua
397 444 513 494 Jusso,
543 455 684 479 mecum
704 455 830 479 manus
849 434 982 479 i'isferat
1002 454 1112 481 arma.

189 509 299 546 Ilicet
319 509 354 545 in
375 522 496 546 muros
517 517 596 546 tota
617 509 835 546 discurritur
852 508 955 546 urbe.

135 575 347 616 Concilium
367 575 443 626 ipse
463 583 580 625 pater,
608 583 645 612 et
665 588 796 626 magna
814 575 974 625 incepta,
995 574 1153 613 Latinus

131 642 299 687 Deserit,
329 655 384 685 ac,
405 640 500 678 tristi
519 641 688 678 turbatus
707 649 889 691 tempore,
909 640 1032 679 differt
1051 657 1062 687 ;

131 708 330 758 Multaque
350 721 387 745 se
406 707 561 751 incusat,
590 707 654 757 qui
675 721 746 743 non
766 708 948 758 acceperit
967 708 1065 745 ultro

132 774 365 812 Dardanium
384 773 555 818 Aenean,
575 787 822 824 generumque
842 774 1033 812 adsciverit
1053 774 1146 812 urbi.

129 839 369 879 Praefodiunt
389 839 447 876 alii
467 848 610 890 portas,
640 847 704 878 aut
723 853 808 876 saxa
829 840 1010 890 sudesque

128 907 371 945 Subvectant.
430 905 535 944 Bello
555 906 619 943 dat
637 906 784 957 signum
803 920 913 945 rauca
932 916 1125 945 cruentum

124 972 299 1011 Buccina.
357 972 460 1011 Tum
480 986 600 1010 muros
621 972 715 1009 varia
734 972 879 1010 cinxere
897 987 1034 1011 corona

84 1028 86 1031 ‚
122 1039 333 1084 Matronae,
362 1039 540 1090 puerique
558 1054 568 1077 :
599 1049 707 1076 vocat
726 1039 832 1077 labor
850 1039 1000 1078 ultimus
1020 1040 1148 1078 omnis.

126 1106 208 1144 Nec
229 1120 299 1143 non
316 1107 362 1143 ad
377 1105 569 1157 templum,
591 1120 820 1157 summasque
833 1107 879 1144 ad
896 1106 1052 1145 Palladis
1066 1119 1178 1152 arceS‚

123 1173 348 1211 Subvehitur
366 1187 498 1225 magna
517 1181 673 1210 matrum
692 1174 819 1224 regina
838 1182 994 1218 caterva,

119 1238 234 1276 Dona
256 1239 374 1277 ferens
393 1256 403 1285 ;
428 1242 610 1291 juxtaque
629 1254 752 1278 comes
775 1240 929 1278 Lavinia
948 1240 1067 1291 virgo,

120 1306 259 1345 Caussa
279 1306 361 1343 mali
381 1307 489 1353 tanti,
519 1306 646 1344 oculos
667 1308 809 1360 dejecta
829 1308 995 1345 decoros.

123 1373 338 1410 Succedunt
357 1381 504 1417 matres,
524 1382 561 1410 et
582 1373 762 1424 templum
781 1382 863 1411 ture
883 1381 1057 1424 vaporant
1074 1388 1087 1419 ς

117 1438 172 1477 Et
192 1449 347 1477 moestas
367 1439 441 1476 alto
461 1439 621 1477 fundunt
641 1440 686 1477 de
705 1440 826 1477 limine
847 1454 954 1478 voces
971 1455 982 1478 :

118 1505 380 1555 Armipotens,
409 1519 552 1556 praeses
572 1505 672 1550 belli,
702 1506 874 1544 Tritonia
894 1507 1013 1557 virgo,

118 1572 262 1624 Frange
282 1586 390 1609 manu
409 1572 525 1610 telum
547 1573 704 1624 Phrygii
724 1573 931 1623 praedonis,
951 1582 988 1610 et
1009 1573 1128 1623 ipsum

118 1639 281 1681 Pronum
302 1648 421 1676 sterne
442 1638 534 1683 solo,
564 1639 754 1689 portisque
774 1639 920 1676 effunde
940 1640 1007 1676 sub
1029 1638 1123 1676 altis.

170 1706 347 1758 Cingitur
365 1706 442 1756 ipse
462 1705 586 1744 furens
605 1706 772 1743 certatim
791 1706 825 1742 in
847 1705 984 1756 proelia
1003 1706 1168 1744 Turnus.

115 1775 271 1825 Jamque
291 1774 397 1819 adeo,
429 1772 611 1811 Rutulum
633 1773 784 1811 thoraca
802 1774 964 1818 indutus,
993 1773 1090 1811 aenis

114 1841 307 1880 Horrebat
327 1840 499 1891 squamis,
528 1854 700 1891 surasque
720 1840 913 1878 incluserat
934 1854 1037 1884 auro,

112 1909 306 1958 Tempora
318 1908 436 1946 nudus
450 1908 591 1954 adhuc3
612 1908 792 1958 laterique
807 1908 1014 1946 accinxerat
1025 1921 1167 1955 ensem;

115 1974 372 2026 Fulgebatque
392 1975 465 2013 alta
484 1975 677 2013 decurrens
697 1989 825 2013 aureus
845 1990 926 2013 arec
944 1991 955 2022 ς

114 2040 364 2091 Exsultatque
383 2041 523 2086 animis,
552 2050 589 2079 et
611 2055 674 2092 spe
689 2044 762 2094 jam
782 2043 961 2093 praecipit
990 2042 1133 2080 hostem
1150 2057 1161 2082 ε

114 2108 258 2158 Qualis,
286 2108 349 2146 ubi
363 2109 528 2159 abruptis
549 2107 646 2160 fugit
667 2110 854 2161 praesepia
874 2109 1013 2155 vinclis,

113 2173 282 2212 Tandem
301 2174 404 2222 liber,
423 2190 557 2226 equus;
587 2190 790 2227 campoque
811 2177 950 2227 potitus
970 2186 1098 2227 aperto

111 2241 199 2282 Aut
220 2241 280 2282 ille
300 2241 336 2281 in
356 2251 482 2297 pastus
501 2253 738 2293 armentaque
757 2244 875 2284 tendit
895 2257 1085 2295 equarum,

566 2310 598 2349 C
630 2323 650 2348 c
684 2312 708 2348 2
