1455 2685
242 348 293 389 74
519 349 823 389 AENEIDOS
879 351 978 389 VII.
1146 367 1180 391 v.
1198 355 1289 393 215.

237 462 318 500 Nec
335 461 432 499 sidus
452 462 601 514 regione
621 463 696 500 viae
725 462 873 500 littusve
893 461 1024 501 fefellit
1042 478 1052 501 ε

237 529 398 567 Consilio
419 530 511 566 hanc
527 543 663 572 omneS,
679 529 875 580 animisque
896 529 1114 576 volentibus,
1133 532 1261 570 urbem

234 596 453 639 Afferimur‚
474 595 568 645 pulsi
588 595 720 646 regnis,
742 609 833 645 quae
852 597 1007 634 maxima
1021 599 1206 648 quondam

236 662 418 700 Extremo
439 662 582 699 veniens
602 662 656 699 sol
675 662 898 713 adspiciebat
920 663 1098 714 Olympo.

232 730 301 767 Ab
322 730 412 767 Jove
429 729 646 779 principium
663 730 821 780 generis:
842 731 932 768 Jove
950 731 1126 768 Dardana
1141 731 1257 783 pubes

231 796 383 835 Gaudet
401 809 492 834 avo:
523 810 586 833 rex
607 797 682 846 ipse
703 797 803 835 Jovis
822 797 866 834 de
886 806 996 848 gente
1017 811 1202 848 suprema,

233 862 370 899 Troius
392 863 552 907 Aeneas,
573 872 637 900 tua
656 876 721 899 nos
741 863 787 900 ad
807 863 928 901 limina
947 864 1056 901 misit.

232 929 382 978 Quanta
401 943 465 979 per
488 930 630 974 Idaeos,
659 930 769 967 saevis
789 930 901 967 effusa
922 930 1105 981 Mycenis,

231 995 452 1046 Tempestas
472 996 551 1034 ierit
572 1010 720 1047 campos
738 1012 748 1042 ;
779 997 911 1047 quibus
937 1006 1040 1034 actus
1061 1006 1227 1048 uterque,

230 1063 404 1113 Europae
425 1073 534 1114 atque
554 1064 682 1107 Asiae,
713 1063 797 1100 fatis
817 1064 1042 1102 concurrerit
1062 1065 1159 1102 orbis
1177 1081 1188 1111 ς

226 1130 364 1168 Audiit
384 1139 435 1173 et,
455 1131 483 1166 si
505 1144 611 1180 quem
631 1130 738 1167 tellus
757 1139 920 1168 extrema
939 1130 1061 1167 refuso

229 1198 432 1236 Submovet
451 1211 604 1241 oceano,
623 1205 674 1240 et,
701 1196 729 1233 si
750 1210 871 1246 quem,
891 1206 1039 1234 extenta
1058 1197 1248 1249 plagarum

230 1266 403 1316 Quatuor
422 1264 457 1301 in
477 1264 610 1309 medio,
630 1264 766 1301 dirimit
786 1263 892 1315 plaga
911 1263 993 1301 solis
1011 1264 1139 1314 iniqui.
1166 1271 1176 1279 ⁶

229 1331 383 1370 Diluvio
401 1345 448 1369 ex
469 1331 531 1368 illo
551 1340 610 1368 tot
630 1340 730 1368 vasta
749 1345 814 1381 per
832 1344 988 1381 aequora
1010 1331 1118 1375 vecti,

227 1399 303 1437 Dis
324 1398 443 1435 sedem
463 1398 633 1449 exiguam
652 1397 791 1448 patriis,
810 1397 985 1448 littusque
1000 1411 1170 1448 rogamus

224 1467 487 1509 Innocuum‚et
499 1465 642 1502 cunctis
654 1464 861 1515 undamque
873 1478 1069 1515 auramque
1077 1474 1273 1514 patentem.

227 1533 313 1571 Non
333 1532 464 1569 erimus
484 1545 598 1582 regno
617 1531 802 1569 indecores
819 1546 830 1576 ;
864 1545 929 1568 nec
948 1540 1067 1569 vestra
1086 1531 1223 1570 feretur

225 1599 337 1637 Fama
355 1598 454 1643 levis,
482 1599 619 1636 tantive
639 1599 822 1636 abolescet
842 1599 960 1650 gratia
978 1598 1067 1636 facti
1084 1614 1096 1644 ;

223 1665 304 1703 Nec
325 1662 478 1716 Trojam
498 1664 689 1702 Ausonios
708 1665 848 1716 gremio
867 1665 1050 1716 excepisse
1069 1665 1228 1717 pigebit.

223 1732 316 1770 Fata
337 1745 401 1781 per
420 1731 571 1768 Aeneae
586 1734 684 1783 juro,
704 1732 942 1781 dextramque
962 1740 1166 1782 potentem,

220 1800 303 1837 Sive
322 1799 393 1836 fide
414 1812 475 1836 seu
494 1798 574 1849 quis
592 1798 689 1836 bello
709 1807 764 1836 est
783 1808 969 1849 expertuS‚
990 1807 1027 1836 et
1046 1798 1153 1835 armis
1170 1814 1181 1844 ;

221 1865 337 1904 Multi
355 1879 421 1903 nos
440 1865 582 1916 populi,
602 1865 736 1903 multae
760 1866 824 1919 (ne
842 1875 976 1911 temne,
997 1865 1099 1916 quod
1117 1865 1216 1903 ultro

220 1931 460 1970 Praeferimus
480 1932 643 1970 manibus
662 1933 785 1978 vittas,
813 1947 855 1971 ac
875 1933 983 1970 verba
1007 1932 1214 1984 precantia)

220 1999 275 2038 Et
295 1999 432 2050 petiere
452 1999 519 2036 sibi
537 2007 575 2037 et
595 1999 738 2038 voluere
757 2000 953 2051 adjungere
974 2009 1114 2050 genteS.

221 2066 294 2104 Sed
315 2079 379 2103 nos
399 2065 475 2102 fata
494 2065 601 2103 deum
620 2075 755 2103 vestras
775 2066 963 2116 exquirere
982 2074 1096 2102 terras

219 2132 386 2183 Imperiis
404 2145 513 2182 egere
532 2132 616 2169 suis.
648 2131 751 2170 Hinc
772 2131 967 2170 Dardanus
986 2141 1089 2169 ortus

215 2199 308 2238 Huc
329 2199 462 2249 repetit
481 2214 492 2243 ;
509 2199 688 2250 jussisque
703 2199 914 2251 ingentibus
934 2207 1072 2250 urguet
1091 2197 1238 2248 Apollo

216 2267 452 2318 Tyrrhenum
462 2265 755 2317 adThybrim,et
768 2265 879 2305 fontis
890 2266 979 2304 vada
989 2279 1088 2305 sacra
1101 2265 1265 2305 Numici.
