1455 2685
286 311 359 346 146
571 307 872 345 AENEIDOS
931 307 1005 344 IX.
1179 322 1214 346 v.
1230 312 1322 349 632.

287 418 434 470 Effugit
452 418 674 456 horrendum
695 419 847 456 stridens
866 419 1027 456 adducta
1045 418 1179 470 sagitta
1195 435 1206 465 ;

284 487 427 536 Perque
446 496 558 536 caput
581 486 728 523 Remuli
747 486 857 529 venit,
885 496 922 523 et
941 499 1027 523 cava
1046 497 1211 537 tempora
1229 487 1324 525 ferro

283 551 437 604 Trajicit
455 568 464 590 ε
498 555 530 596 Ι,
552 553 667 590 verbis
688 552 858 590 virtutem
876 552 988 590 illude
1008 553 1185 603 superbis.

283 619 346 656 Bis
360 620 458 670 capti
474 619 640 671 Phryges
659 620 748 656 haec
767 619 916 656 Rutulis
932 634 1102 670 responsa
1118 621 1323 662 remittunt.

283 685 374 724 Hoc
393 695 535 723 tantum
556 687 755 724 Ascanius.
786 687 922 724 Teucri
939 687 1094 725 clamore
1110 697 1323 738 sequuntur,

283 752 516 802 Laetitiaque
535 753 707 797 fremunt,
728 753 937 803 animosque
954 755 999 791 ad
1019 755 1130 791 sidera
1149 754 1296 793 tollunt.

335 819 516 856 Aetheria
534 828 612 856 tum
632 819 728 857 forte
747 820 858 871 plaga
877 821 1027 858 crinitus
1046 821 1192 871 Apollo

281 887 454 937 Desuper
473 887 660 924 Ausonias
680 887 772 924 acies
787 888 987 937 urbemque
1007 888 1166 933 videbat,

282 955 392 992 Nube
412 954 551 999 sedens,
571 963 680 1004 atque
701 954 755 990 his
776 953 951 991 victorem
970 955 1102 992 affatur
1121 955 1242 994 Iulum
1259 971 1269 994 :

282 1020 409 1058 Macte
430 1035 520 1058 nova
539 1021 685 1066 virtute,
707 1035 798 1070 puer
815 1036 825 1065 ;
855 1020 904 1057 sic
932 1021 1006 1058 itur
1025 1022 1072 1058 ad.
1088 1031 1196 1066 astra,

278 1087 354 1126 Dis
374 1086 510 1138 genite,
529 1097 566 1124 et
586 1087 752 1138 geniture
772 1087 869 1124 deos.
901 1088 923 1125 J
928 1102 988 1124 ure
1007 1088 1126 1125 omnia
1144 1087 1237 1125 bella

281 1154 405 1192 Gente
425 1155 490 1191 sub
512 1155 684 1191 Assaraci
703 1154 779 1191 fato
800 1163 949 1191 ventura
968 1155 1123 1191 resident
1141 1170 1151 1192 ι

279 1220 360 1258 Nec
380 1230 417 1257 te
437 1221 552 1272 Troja
571 1221 682 1271 capit.
715 1220 843 1264 Simul,
862 1221 952 1258 haec
971 1221 1114 1265 effatus,
1132 1222 1177 1259 ab
1195 1222 1272 1260 alto

277 1287 446 1324 Aethere
465 1301 501 1324 se
521 1287 649 1330 mittit,
678 1287 846 1337 spirantis
865 1288 1024 1326 dimovet
1048 1301 1164 1333 auras,

277 1353 554 1402 Ascaniumque
575 1353 679 1402 petit.
714 1354 883 1390 Formam
903 1363 982 1390 tum
1003 1355 1155 1391 vertitur
1173 1355 1245 1391 oris

277 1403 490 1468 Antiquum
510 1420 544 1455 in
567 1419 702 1456 Buten.
734 1419 812 1456 Hic
834 1420 1024 1457 Dardanio
1041 1420 1232 1458 Anchisae

277 1486 455 1536 Armiger
473 1495 556 1522 ante
575 1485 660 1529 fuit,
680 1485 846 1534 fidusque
865 1486 910 1522 ad
929 1485 1049 1522 limina
1068 1495 1216 1524 custos:

278 1551 379 1588 Tum
401 1552 571 1589 comitem
591 1552 756 1589 Ascanio
773 1561 876 1601 pater
896 1551 1049 1589 addidit.
1081 1553 1166 1590 Ibat
1178 1553 1323 1603 Apollo

279 1618 412 1654 Omnia
429 1617 606 1668 longaevo
627 1617 762 1662 similis,
783 1632 995 1668 vocemque,
1014 1617 1259 1669 coloremque,

278 1683 331 1720 Et
351 1684 458 1720 crinis
479 1684 603 1728 flavos,
622 1693 659 1721 et
680 1698 782 1722 saeva
803 1686 992 1722 sonoribus
1012 1699 1109 1722 arma
1126 1701 1137 1731 ς

275 1752 409 1800 Atque
429 1750 485 1787 his
504 1751 690 1787 ardentem
711 1751 819 1788 dictis
839 1751 972 1788 affatur
993 1751 1116 1788 Iulum
1133 1767 1142 1789 ;

276 1818 333 1857 Sit
353 1818 452 1863 satis,
472 1818 664 1861 Aeneada,
684 1817 764 1854 telis
783 1818 929 1867 impune
955 1819 1164 1856 Numanum
1213 1860 1215 1862 ,

275 1885 488 1934 Oppetiisse
507 1884 578 1920 tuis
595 1899 604 1921 ε
635 1884 786 1934 primam
806 1884 898 1922 hanc
917 1884 984 1921 tibi
1004 1898 1158 1935 magnus
1180 1885 1322 1936 Apollo

274 1951 454 1990 Concedit
475 1950 631 1994 laudern,
660 1961 697 1987 et
717 1951 864 2000 paribus
884 1963 954 1987 non
973 1950 1108 1988 invidet
1128 1952 1245 1989 armis.

274 2017 407 2055 Cetera
427 2031 546 2067 parce,
569 2031 671 2067 puer,
691 2017 801 2054 bello.
835 2017 896 2054 Sic
915 2031 1031 2062 orsus,
1052 2018 1198 2068 Apollo

274 2083 445 2121 Mortalis
465 2084 583 2121 medio
603 2084 798 2133 adspectus
819 2098 982 2121 sermone
1001 2085 1162 2135 reliquit,

275 2151 328 2189 Et
348 2151 477 2202 procul
496 2152 530 2188 in
551 2160 695 2188 tenuem
717 2165 762 2188 ex
782 2151 897 2188 oculis
916 2153 1062 2189 evanuit
1082 2167 1217 2190 auram.

278 2219 476 2272 Agnovere
496 2218 603 2256 deum
625 2231 807 2268 proceres,
827 2218 1021 2269 divinaque
1040 2219 1125 2265 tela,
