1455 2685
234 317 285 358 24·
535 311 834 357 AENEIDOS
890 310 940 356 V.
1139 334 1172 357 v.
1189 317 1277 360 634.

233 432 443 470 Hectoreos
462 431 585 477 amnis,
619 431 808 468 Xanthum
828 442 865 467 et
888 431 1090 474 Simoenta,
1119 431 1276 468 videbo?

233 499 333 548 Quin
353 499 465 549 agite,
493 507 529 535 et
549 504 691 534 mecum
710 496 885 534 infaustas
914 497 1056 534 exurite
1075 510 1241 547 puppes:

231 565 327 602 Nam
348 565 434 601 mihi
455 564 676 603 Cassandrae
697 578 762 613 per
781 577 945 600 somnum
968 564 1056 600 vatis
1076 564 1199 614 imago

230 632 410 670 Ardentis
430 633 514 668 dare
535 630 606 666 visa
625 629 735 667 faces.
766 630 847 667 Hic
867 631 1029 680 quaerite
1049 630 1202 682 Trojam
1221 646 1232 675 ς

230 699 309 737 Hic
326 700 454 736 domus
470 687 689 747 est‚⁵inquit,
705 697 820 734 vobis.
850 699 933 735 Jam
949 707 1105 749 tempus,
1125 699 1185 749 agi
1201 713 1254 736 res
1266 706 1281 743 ;“

229 767 310 804 Nec
333 766 443 803 tantis
463 778 562 801 mora
582 764 770 814 prodigiis.
805 764 864 801 En
883 768 891 802 !
917 774 1075 815 quatuor
1093 779 1172 802 arae

228 833 419 883 Neptuno.
451 833 557 869 Deus
576 832 652 881 ipse
672 831 767 868 faces
787 832 1018 881 animumque
1039 832 1230 869 ministrat.

264 900 372 937 Haec
386 912 599 941 memorans,
615 899 728 948 prima
740 897 917 935 infensum
930 899 962 934 vi
975 899 1125 948 corripit
1141 899 1275 950 ignem,

226 967 449 1017 Sublataque
469 965 598 1016 procul
617 966 744 1002 dextra
763 964 917 1001 connixa
936 975 1118 1010 coruscat,

227 1035 281 1072 Et
295 1034 397 1085 jacit.
430 1035 611 1070 Arrectae
630 1041 781 1075 mentes,
803 1031 1083 1081 stupefactaque
1104 1034 1215 1069 corda

225 1100 393 1137 Iliadum.
426 1099 504 1136 Hic
525 1112 595 1135 una
612 1112 632 1135 e
652 1098 788 1142 multis,
809 1112 901 1148 quae
922 1099 1076 1135 maxima
1098 1109 1199 1143 natu,

224 1167 364 1217 Pyr-go,
384 1175 442 1202 tot
464 1166 595 1203 Priami
614 1174 780 1202 natorum
801 1165 897 1215 regia
928 1165 1051 1201 nutrix
1070 1179 1080 1202 ε

224 1235 307 1272 Non
332 1233 450 1270 Beroe¹
470 1233 585 1276 vobis,
606 1247 674 1268 non
694 1232 782 1269 haec
808 1233 1001 1275 Rhoeteia,
1022 1242 1167 1277 matres,

223 1300 296 1337 Est
316 1299 474 1349 Dorycli
494 1301 665 1351 conjunx.
714 1299 843 1337 Divini
863 1299 964 1350 signa
984 1300 1124 1337 decoris

221 1366 476 1416 Ardentisque
496 1376 621 1403 notate
640 1365 767 1402 oculos
786 1382 796 1410 3
826 1366 889 1415 qui
909 1366 1054 1416 spiritus
1075 1366 1139 1411 illi,

223 1434 299 1483 Qui
320 1433 451 1477 voltus,
471 1433 612 1470 vocisve
632 1446 754 1476 sonus,
775 1432 829 1470 vel
850 1446 996 1483 gressus
1015 1434 1130 1470 eunti.

223 1500 309 1550 Ipsa
327 1509 473 1551 egomet
494 1501 632 1537 dudum
654 1500 797 1537 Beroen
819 1500 980 1549 digressa
999 1499 1128 1549 reliqui

221 1567 402 1619 Aegram,
421 1567 669 1618 indignantem
688 1566 751 1603 tali
772 1567 872 1616 quod
892 1566 967 1603 sola
985 1576 1124 1604 careret

222 1634 390 1679 Munere,
410 1649 475 1672 nec
495 1634 641 1671 meritos
662 1633 850 1671 Anchisae
878 1633 1026 1671 inferret
1046 1634 1214 1674 honores.

222 1701 329 1739 Haec
349 1702 470 1739 effata.

272 1769 333 1807 At
351 1778 483 1806 matres
503 1768 634 1819 primo,
655 1767 842 1818 ancipites,
862 1767 1051 1817 oculisque
1075 1766 1237 1818 malignis

221 1834 446 1886 Ambiguae,
467 1845 630 1885 spectare
649 1835 748 1879 ratis,
771 1835 938 1871 miserum
959 1834 1050 1870 inter
1069 1847 1225 1870 amoren:

223 1902 422 1939 Praesentis
441 1911 570 1945 terrae,
589 1900 746 1951 fatisque
765 1902 933 1952 yocantia
953 1914 1087 1951 regna:

222 1970 345 2018 Quum
365 1969 431 2006 dea
451 1983 487 2006 se
507 1969 654 2018 paribus
672 1982 738 2018 per
753 1967 893 2005 coelum
918 1967 1062 2004 sustulit
1083 1967 1160 2010 alis,

222 2037 485 2086 Ingentemque
505 2034 595 2086 fuga
614 2035 728 2072 secuit
750 2035 816 2071 sub
837 2034 994 2071 nubibus
1023 2047 1159 2071 arcum.

221 2102 321 2139 Tum
341 2118 436 2147 vero,
457 2101 633 2140 attonitae
652 2102 833 2144 monstris,
854 2111 1030 2150 actaeque
1050 2100 1185 2143 furore,

222 2168 471 2213 Conclamant,
504 2168 722 2218 rapiuntque
742 2167 832 2204 focis
853 2167 1094 2218 penetralibus
1114 2167 1235 2217 ignem
1253 2197 1261 2204 .

221 2234 310 2271 Pars
328 2236 481 2284 spoliant
501 2249 574 2273 aras
594 2251 603 2280 3
635 2234 810 2280 frondem,
833 2249 873 2271 nc:
894 2233 1063 2286 virgulta,
1083 2233 1276 2284 facesque„
