1455 2685
182 345 256 382 158
472 342 777 382 AENEIDOS
835 343 888 380 X.
1091 347 1237 384 v.131.

182 454 384 505 Molirique
403 455 539 507 ignem,
559 470 741 505 nervoque
759 464 885 505 aptare
908 455 1076 505 sagittas.

185 522 270 572 Ipse
289 522 383 560 inter
401 524 553 565 medios,
575 522 728 560 Veneris
744 522 944 572 justissima
963 536 1064 565 cura,

185 590 396 628 Dardanius
416 599 545 640 caput,
564 604 648 627 ecce
668 592 675 626 !
709 604 801 638 puer
820 589 989 626 detectus
1009 589 1216 634 honestum,

188 657 319 707 Qualis
339 671 496 708 gemma,
514 657 638 701 micat,
660 656 798 693 fulvum
819 670 910 706 quae
930 656 1059 694 dividit
1079 670 1221 700 aurum,

185 723 274 761 Aut
293 724 389 761 collo
411 725 534 767 decus,
556 733 619 761 aut
639 724 752 774 capiti
770 739 779 768 ;
810 723 865 760 vel
886 723 992 773 quale
1012 737 1078 774 per
1102 732 1216 760 artem

188 790 378 828 Inclusum
397 792 514 835 buxo,
544 801 607 828 aut
629 790 757 828 Oricia
776 790 1003 834 terebintho,
1031 827 1038 836 ‚

189 858 315 896 Lucet
334 859 450 897 ebur:
482 857 583 894 fusos
603 857 724 895 cervix
746 857 809 895 cui
825 857 943 894 lactea
963 857 1072 894 crinis

187 924 361 975 Accipit,
380 934 417 962 et
437 925 537 961 molli
559 926 776 962 subnectens
796 923 956 961 circulus
979 937 1081 960 auro.

187 991 248 1029 Te
269 1006 418 1042 quoque
438 992 687 1043 magnanimae
708 991 891 1033 viderunt,
918 991 1069 1033 Ismare‚
1089 997 1218 1040 gentes

187 1058 350 1096 Volnera
369 1059 541 1110 dirigere,
571 1068 608 1096 et
628 1058 785 1096 calamos
801 1072 938 1095 armare
959 1071 1112 1101 veneno,

188 1126 362 1164 Maeonia
381 1140 555 1177 generose
575 1126 708 1162 domo:
742 1125 802 1162 ubi
825 1125 975 1175 pinguia
995 1123 1096 1161 culta

190 1192 452 1242 Exercentque
473 1192 552 1236 viri,
574 1192 821 1242 Pactolosque
842 1191 1090 1243 irrigavauro.

188 1259 331 1298 Adfuit
351 1268 387 1301 et
410 1259 643 1308 Mnestheus,
663 1273 771 1309 quem
794 1258 889 1309 pulsi
911 1258 1063 1308 pristina
1084 1257 1205 1295 Turni

189 1328 348 1378 Aggere
367 1340 573 1363 moerorum
593 1326 783 1363 sublimem
805 1325 921 1377 gloria
941 1324 1039 1362 tollit
1055 1340 1065 1369 ;

189 1394 244 1431 Et
266 1394 392 1444 Capys
410 1408 419 1432 :
451 1393 536 1430 hinc
559 1407 688 1430 nomen
711 1395 918 1443 Campanae
939 1391 1089 1429 ducitur
1108 1390 1202 1428 urbi.

245 1460 305 1497 Illi
325 1460 418 1497 inter
438 1474 513 1498 sese
533 1459 614 1497 duri
634 1461 830 1497 certamina
849 1459 934 1497 belli

190 1526 437 1566 Contulerant
456 1542 465 1564 :
489 1527 605 1564 media
624 1527 771 1564 Aeneas
792 1526 886 1563 freta
906 1537 1014 1563 nocte
1035 1525 1194 1562 secabat.

189 1595 375 1644 Namque,
396 1604 438 1631 ut
453 1594 499 1631 ab
518 1593 705 1637 Evandro,
721 1593 848 1630 castris
864 1593 1046 1643 ingressus
1062 1592 1248 1636 Etruscis,

192 1662 337 1712 Regem
357 1661 448 1705 adit,
468 1669 505 1698 et
526 1661 603 1711 regi
625 1669 801 1697 memorat
818 1673 1022 1709 nomenque
1037 1673 1247 1710 genusque3

192 1729 339 1779 Quidve
361 1737 478 1778 petat,
500 1727 633 1778 quidve
652 1727 729 1777 ipse
746 1726 863 1771 ferat3
887 1726 1100 1764 Mezentius
1121 1740 1222 1763 arma

191 1796 299 1846 Quae
320 1794 388 1832 sibi
408 1793 594 1838 conciliet,
614 1793 844 1843 violentaque
860 1802 1010 1843 pectora
1031 1792 1167 1836 Turni,

192 1862 342 1901 Educet
360 1877 371 1907 ;
400 1860 566 1899 humanis
586 1875 678 1911 quae
700 1861 746 1898 sit
767 1861 901 1898 fiducia
925 1860 1033 1897 rebus
1153 1858 1247 1910 [cho

189 1929 401 1972 Admonet,
415 1928 669 1978 immiscetque
686 1941 831 1978 preces3
853 1921 949 1964 haud
967 1927 1008 1964 fit
1025 1940 1138 1970 mora,
1155 1926 1251 1964 Tar·

190 1996 322 2048 Jungit
342 2010 446 2046 opes,
466 1995 668 2045 foedusque
689 1994 773 2032 ferit
790 2009 799 2032 :
831 2004 924 2038 tum,
944 1993 1056 2030 libera
1078 1993 1157 2038 fati,

189 2063 352 2104 Classem
373 2063 587 2101 conscendit
603 2063 710 2115 jussis
730 2076 821 2114 gens
843 2062 966 2113 Lydia
987 2062 1124 2106 divom,

189 2132 359 2171 Externo
380 2131 570 2174 commissa
590 2130 688 2167 duci.
722 2131 865 2168 Aene'i'a
886 2128 1022 2179 puppis

189 2199 312 2237 Prima
330 2206 445 2242 tenet,
465 2207 584 2235 rostro
608 2197 793 2248 Phrygios
813 2196 1007 2248 subjuncta
1026 2194 1147 2232 leones
1166 2210 1175 2232 :

187 2264 363 2304 Imminet
385 2265 454 2304 lda
473 2279 594 2317 super,
614 2264 784 2317 profugis
805 2263 1009 2316 gratissima
1034 2261 1206 2300 Teucris.
