1455 2685
211 298 244 323 v.
262 287 354 324 659.
522 281 829 320 AENEIDOS
887 283 988 320 XII.
1193 285 1271 323 243

211 398 405 436 Praeterea
424 395 560 448 regina,
581 394 636 432 tui
656 394 837 437 fidissima,
869 395 998 432 dextra

210 465 363 503 Occidit
383 464 461 515 ipsa
477 477 554 507 sua,
572 462 766 512 lucemque
789 463 964 498 exterrita
990 461 1100 513 fugit.

210 530 287 570 Soli
307 545 374 582 pro
395 530 510 581 portis
531 530 722 579 Messapus
741 536 779 566 et
795 542 877 565 acer
898 528 1034 566 Atinas

210 599 426 636 Sustentant
445 596 559 634 aciem
577 611 587 634 z
619 595 757 633 circum
772 595 838 631 hos
858 595 1040 645 utrimque
1061 595 1261 648 phalanges

209 667 319 704 Stant
338 666 484 709 densae,
503 662 713 713 strictisque
733 675 837 714 seges
856 663 1090 700 mucronibus
1110 663 1236 702 horret

207 733 341 771 Ferrea
360 747 371 778 ς
403 741 444 769 tu
464 744 612 769 currum
632 731 776 767 deserto
796 731 831 766 in
852 731 1014 782 gramine
1035 744 1165 768 versas.

208 798 436 850 Obstupuit,
456 798 551 835 varia
571 797 746 835 confusus
766 797 923 848 imagine
944 811 1075 841 rerum,

205 866 373 910 Turnus,
402 874 439 903 et
459 865 597 902 obtutu
628 864 742 901 tacito
764 864 868 901 stetit
886 880 895 902 :
927 874 1068 902 aestuat
1090 865 1218 916 ingens

205 934 296 972 Uno
316 933 353 970 in
374 933 485 971 corde
506 932 639 982 pudor,
669 931 860 980 mixtoque
879 931 1015 968 insania
1034 931 1153 978 luctu,

204 1000 259 1038 Et
283 1000 403 1038 Furiis
423 999 584 1050 agitatus
604 1011 718 1042 amor,
748 1006 786 1034 et
807 998 951 1035 conscia
971 999 1098 1036 virtus.

256 1067 314 1105 Ut
331 1066 489 1116 primum
503 1066 685 1102 discussae
702 1065 861 1109 umbrae,
878 1075 915 1103 et
928 1066 990 1103 lux
1005 1066 1148 1103 reddita
1160 1080 1258 1104 men·

200 1133 382 1171 Ardentis
401 1132 594 1170 oculorum
615 1132 714 1170 orbis
737 1132 782 1169 ad
804 1132 944 1169 moenia
964 1133 1071 1169 torsit
1190 1133 1258 1184 [ti‚

201 1199 409 1244 Turbidus,
428 1213 522 1250 eque
542 1199 632 1236 rotis
652 1212 820 1250 magnam
842 1200 1001 1249 respexit
1021 1199 1066 1236 ad
1086 1200 1227 1238 urbem.

201 1266 303 1304 Ecce
321 1269 329 1304 !
363 1275 484 1304 autern
506 1266 670 1313 flammis,
690 1267 786 1303 inter
806 1265 971 1303 tabulata
992 1265 1154 1311 volutus,

198 1333 268 1371 Ad
287 1332 430 1370 coelum
451 1334 613 1370 undabat
634 1342 778 1376 vortex,
793 1332 996 1382 turrimque
1021 1334 1167 1371 tenebat
1187 1349 1198 1380 3

197 1399 363 1442 Turrim,
384 1400 588 1450 compactis
609 1400 773 1436 trabibus
794 1413 902 1449 quam
923 1400 1097 1437 eduxerat
1117 1401 1208 1450 ipse,

201 1457 498 1517 subdideratque
520 1476 631 1510 rotas,
654 1467 850 1516 pontisque
870 1467 1080 1504 instraverat
1101 1468 1207 1505 altos.

199 1535 281 1573 Jam
295 1536 371 1586 jam
393 1533 483 1578 fata,
504 1548 620 1578 soror,
641 1542 811 1583 superant
831 1548 840 1578 3
871 1534 1003 1570 absiste
1023 1535 1154 1571 morari
1172 1550 1182 1573 ε

196 1603 285 1652 Quo
298 1601 444 1645 deus,et
457 1615 531 1651 quo
547 1601 638 1638 dura
652 1610 758 1638 vocat
774 1601 1158 1651 Fortuna‚sequamur.
1172 1605 1252 1652 [est

197 1670 281 1708 Stat
297 1667 461 1706 conferre
479 1681 622 1705 manum
640 1668 790 1705 Aeneae
798 1683 809 1713 ;
831 1678 917 1712 stat,
934 1668 1111 1718 quidquid
1130 1669 1250 1706 acerbi

194 1735 336 1780 Morte,
356 1735 460 1785 pati:
493 1749 557 1772 nec
579 1748 634 1772 me
655 1735 874 1779 indecorem,
895 1748 1079 1786 germana,
1111 1736 1249 1775 videbis

194 1802 384 1853 Amplius.
418 1802 546 1845 Hunc,
566 1816 645 1846 oro,
668 1802 740 1839 sine
760 1816 817 1839 me
837 1801 956 1840 furere
975 1812 1057 1840 ante
1073 1803 1248 1842 furorem.

193 1869 333 1914 Dixit;
362 1879 398 1906 et
419 1884 438 1906 e
458 1883 566 1907 curru
587 1869 718 1906 saltum
739 1869 839 1907 dedit
859 1870 962 1907 ocius
981 1870 1087 1915 arvis,

194 1937 338 1988 Perque
357 1937 486 1981 hostis,
508 1951 572 1987 per
591 1937 676 1981 tela,
693 1937 765 1974 ruit
785 1952 795 1983 ;
817 1948 1066 1989 moestamque
1086 1951 1246 1978 sororem

192 2005 358 2050 Deserit,
377 2018 419 2043 ac
440 2005 566 2056 rapido
587 2019 694 2043 cursu
717 2005 833 2043 media
853 2006 997 2057 agmina
1015 2008 1168 2058 rumpit.

195 2071 277 2116 Ac,
297 2071 422 2118 veluti,
443 2073 576 2110 montis
596 2086 721 2110 saxum
741 2073 786 2110 de
807 2073 940 2110 vertice
966 2086 1141 2124 praeceps

193 2140 291 2179 Cum
311 2138 398 2184 ruit,
418 2139 582 2178 avolsum
602 2149 724 2183 vento,
745 2153 806 2177 seu
827 2139 996 2177 turbidus
1012 2140 1127 2177 imber

194 2204 353 2252 Proluit,
373 2214 437 2244 aut
457 2207 557 2245 annis
577 2207 684 2245 solvit
707 2207 878 2258 sublapsa
898 2215 1072 2253 vetustas,

639 2273 792 2313 11112
