1455 2685
181 285 214 310 v.
233 274 326 312 493.
488 270 792 312 AENEIDOS
850 275 925 312 VI.
1186 277 1233 313 51

180 382 367 435 Exiguam
386 398 397 428 ;
426 383 595 434 inceptus
615 384 754 422 clamor
773 384 971 422 frustratur
989 385 1136 423 hiantis.

231 452 365 502 Atque
387 451 444 488 hic
467 451 682 497 Priamiden,
712 452 886 489 laniatum
906 465 1062 503 corpore
1071 460 1180 497 ¹⁴toto,

178 517 424 567 Deiphobum
446 518 546 563 vidit,
577 518 733 555 lacerum
754 519 949 556 crudeliter
968 533 1044 563 ora,

177 583 270 627 Ora,
283 597 481 634 manusque
497 585 619 622 ambas
635 601 646 630 ς
667 586 916 636 populataque
937 596 1105 635 tempora
1119 584 1232 634 raptis

176 651 360 696 Auribus,
380 661 418 689 et
438 660 584 690 truncas
604 652 795 691 inhonesto
815 653 958 690 volnere
977 653 1084 690 naris.

175 717 252 755 Vix
272 718 361 756 adeo
381 719 530 770 agnovit
550 720 785 770 pavitantem,
811 729 848 758 et
869 720 945 757 dira
966 728 1153 770 tegentem

176 784 366 835 Supplicia
384 801 394 829 ;
423 795 460 822 et
481 787 576 823 notis
596 786 794 836 compellat
813 786 964 824 vocibus
985 786 1081 824 ultro
1100 801 1110 824 :

227 852 430 902 Deiphobe
442 854 676 903 armipotenS‚
691 867 806 904 genus
819 853 892 890 alto
906 867 926 890 a
941 855 1112 904 sanguine
1130 852 1231 889 Teu-

175 920 270 971 Quis
289 930 362 957 tam
382 920 539 958 crudelis
559 922 701 972 optavit
722 935 860 958 sumere
882 920 1042 970 poenas?
1138 917 1228 969 [ει-ἰ,

175 987 246 1026 Cui
268 996 410 1024 tantum
430 988 476 1024 de
495 997 532 1024 te
551 987 655 1025 licuit
673 988 686 1025 ?
717 987 813 1024 Mihi
840 988 934 1024 fama
955 1000 1122 1038 suprema

176 1054 301 1091 Nocte
321 1054 420 1091 tulit.
442 1053 576 1091 fessum
597 1063 710 1098 vasta,
730 1064 780 1098 te,
810 1055 920 1092 caede
944 1054 1151 1106 Pelasgum,

176 1120 419 1158 Procubuisse
438 1134 545 1171 super
565 1120 735 1158 confusae
756 1122 889 1172 stragis
910 1135 1089 1158 acervum.

174 1186 286 1224 Tunc
305 1196 452 1239 egomet
472 1187 652 1224 tumulum
677 1188 850 1225 Rhoeteo
867 1188 902 1224 in
918 1187 1043 1225 littore
1064 1188 1207 1225 inanem

176 1253 378 1298 Constitui,
399 1263 437 1291 et
457 1267 587 1305 magna
608 1254 729 1291 Manis
749 1263 804 1291 ter
825 1268 913 1291 voce
933 1254 1069 1292 vocavi.

174 1320 321 1358 Nomen
341 1329 379 1357 et
400 1334 499 1358 arma
519 1321 640 1358 locum
662 1329 816 1357 servant.
848 1320 921 1365 Te,
942 1322 1068 1366 amice,
1089 1320 1233 1371 nequivi

174 1388 410 1438 Conspicere,
431 1397 469 1426 et
489 1388 606 1438 patria
625 1388 804 1425 decedens
826 1402 958 1438 ponere
979 1397 1085 1425 terra.

175 1454 247 1492 Ad
268 1468 360 1504 quae
383 1455 602 1492 Priamides:
630 1455 768 1493 Nihilo
785 1455 866 1498 tibi,
884 1456 1012 1492 amice!
1037 1454 1203 1492 relictum
1221 1469 1231 1492 ε

177 1521 313 1558 Omnia
334 1521 538 1575 Deiphobo
560 1521 710 1565 solvisti,
739 1530 777 1558 et
796 1521 931 1558 funeris
952 1522 1099 1561 umbris.

177 1588 251 1626 Sed
271 1602 328 1625 me
349 1588 425 1626 fata
446 1602 522 1626 mea
542 1597 579 1626 et
600 1587 716 1625 scelus
735 1588 880 1625 exitiale
913 1589 1101 1626 Lacaenae

173 1654 250 1693 His
269 1668 421 1692 mersere
442 1654 544 1692 malis
561 1670 571 1693 ε
602 1655 662 1692 illa
680 1655 768 1693 haec
790 1664 1024 1693 monumenta
1044 1654 1202 1704 reliquit.

174 1721 357 1772 Namque,
379 1731 420 1760 ut
440 1736 645 1773 supremam
666 1722 754 1760 falsa
774 1723 868 1760 inter
887 1723 1022 1775 gaudia
1044 1732 1189 1759 noctem

175 1789 386 1840 Egerimus,
407 1790 503 1827 nosti
521 1805 532 1835 ;
561 1798 600 1827 et
620 1790 769 1827 nimium
786 1789 986 1827 meminisse
1007 1803 1150 1827 necesse
1164 1797 1233 1828 est.

174 1857 302 1906 Quum
320 1855 438 1894 fatalis
453 1870 568 1907 equus
589 1856 682 1894 saltu
705 1870 814 1907 super
833 1857 945 1894 ardua
966 1857 1061 1893 venit

175 1922 366 1975 Pergama,
399 1933 437 1962 et
456 1933 632 1963 armatum
656 1924 812 1974 peditem
834 1925 953 1975 gravis
973 1923 1097 1961 attulit
1123 1923 1231 1970 alvo3

175 1988 260 2033 Illa,
286 1990 442 2028 chorum
461 1991 647 2035 simulans,
668 1992 807 2029 euantis
826 1993 931 2043 orgia
950 1992 1088 2028 circum

174 2057 350 2095 Ducebat
372 2058 578 2110 Phrygias:
614 2058 791 2096 flammam
822 2059 939 2096 media
958 2061 1035 2110 ipsa
1056 2058 1206 2096 tenebat

178 2122 385 2174 Ingentem,
404 2133 441 2162 et
461 2138 597 2162 summa
619 2125 770 2162 Danaos
789 2139 833 2162 ex
851 2139 931 2162 aree
952 2126 1119 2163 vocabat.

176 2188 278 2227 Tum
297 2204 367 2236 me,
388 2191 598 2230 confectum
618 2192 727 2234 cutis,
754 2206 955 2243 somnoque
976 2201 1181 2244 gravatum,

145 2257 187 2289 θ’
664 2259 759 2296 GQ
