1455 2685
159 293 233 328 136
447 289 750 333 AENEIDOS
808 290 882 327 lx.
1060 305 1092 328 v.
1111 274 1201 331 353}

155 403 310 450 Carpere
330 414 476 452 gramen
497 415 608 452 equos
626 418 636 439 ε
667 402 824 439 breviter
843 416 927 439 cum
946 401 1030 438 talia
1051 401 1177 447 Nisus,

157 467 275 504 Sensit
295 467 387 504 enim
407 467 514 504 nimia
532 468 640 505 caede
660 478 771 518 atque
791 468 962 518 cupidine
983 467 1082 512 ferri,

154 534 404 577 Absistamus,
433 534 481 571 ait
500 550 510 579 ;
541 549 623 571 nam
642 534 704 571 lux
724 535 867 571 inimica
887 535 1120 585 propinquat.

155 600 356 637 Poenarum
373 600 589 637 exhaustum
606 601 690 638 satis
703 610 755 638 est
773 617 783 645 ;
801 601 855 637 via
867 600 966 637 facta
986 615 1050 650 per
1065 601 1202 638 hostes.

154 668 278 705 Multa
299 668 423 711 virum,
444 668 558 704 solido
579 678 731 719 argento
753 667 929 718 perfecta,
950 668 1159 718 relinquunt

153 735 360 783 Armaque,
380 743 609 784 craterasque
630 734 748 779 simul,
769 734 1016 784 pulchrosque
1045 744 1202 784 tapetas.

154 800 338 850 Euryalus
357 800 519 849 phaleras
545 801 771 845 Rhamnetis,
800 810 850 845 et,
879 815 984 838 aurea
1002 801 1124 845 bullis,

153 866 326 917 Cingula,
355 867 505 904 Tiburti
529 867 686 904 Remulo
707 868 904 905 ditissimus
924 867 1010 904 olim

154 934 261 983 Quae
281 934 394 970 mittit
416 933 524 977 dona,
553 934 714 984 hospitio
735 948 847 984 quum
862 936 1034 985 jungeret
1063 935 1204 978 absens,

154 1000 331 1038 Caedicus
349 1017 359 1047 3
388 1000 446 1038 ille
467 1015 531 1037 suo
551 1001 706 1038 moriens
726 1001 790 1038 dat
810 1001 943 1037 habere
963 1001 1087 1051 nepoti
1106 1017 1117 1045 ;

153 1067 241 1104 Post
265 1077 416 1104 mortem
434 1067 532 1104 bello
556 1068 687 1105 Rutuli
707 1082 903 1119 pugnaque
928 1068 1067 1118 potitiz
1109 1072 1202 1119 [tat.

154 1133 261 1170 Haec
280 1135 388 1183 rapit,
406 1143 514 1184 atque
527 1135 686 1172 humeris
705 1135 947 1185 nequidquam
969 1134 1124 1172 fortibus
1141 1148 1205 1185 ap-

152 1200 252 1237 Tum
273 1201 410 1252 galeam
432 1200 593 1250 Messapi
611 1201 781 1246 habilem,
810 1202 1000 1252 cristisque
1020 1203 1202 1246 decoram,

146 1269 294 1306 Induit.
352 1270 552 1306 Excedunt
571 1268 712 1312 castris,
739 1278 776 1305 et
797 1278 880 1306 tuta
899 1280 1104 1319 capessunt.

207 1336 352 1372 Interea
372 1335 555 1386 praemissi
575 1335 716 1385 equites
736 1349 781 1372 ex
804 1336 891 1372 urbe
915 1336 1061 1381 Latina,

152 1404 284 1441 Ceteia
305 1404 390 1439 dnm
409 1402 507 1453 legio
527 1403 664 1452 campis
684 1402 862 1439 instructa
882 1413 1058 1447 moratur,

153 1471 277 1515 lbant,
305 1480 342 1507 et
362 1470 492 1507 Turno
513 1469 611 1520 regis
631 1483 804 1518 responsa
821 1468 997 1515 ferebant,

153 1538 393 1581 Tercentum,
414 1536 549 1573 scutati
568 1549 709 1579 omnes,
739 1534 937 1573 Volscente
958 1537 1146 1587 magistro.

151 1605 303 1653 Jamque
324 1603 617 1652 propinquabant
639 1603 780 1646 castris,
801 1616 997 1653 murosque
1017 1604 1200 1648 subibant,

152 1671 247 1707 Cum
267 1669 394 1718 procul
414 1670 493 1713 hos,
513 1669 613 1706 laevo
634 1669 813 1706 flectentis
832 1669 959 1715 limite,
980 1680 1165 1716 cernunt3

153 1737 205 1773 Et
225 1736 327 1787 galea
348 1735 552 1786 Euryalum
571 1735 743 1773 sublustri
763 1737 880 1773 noctis
900 1737 934 1773 in
956 1738 1081 1774 umbra

154 1802 320 1840 Prodidit
339 1803 597 1846 immemorem,
627 1803 806 1852 radiisque
826 1803 972 1840 adversa
992 1803 1145 1842 refulsit.

153 1870 267 1907 Haud
289 1880 422 1907 temere
442 1879 497 1907 est
517 1869 645 1908 visum.
701 1869 915 1908 Conclamat
937 1870 983 1906 ab
1003 1870 1147 1921 agmine

364 1936 543 1978 Volscens
562 1951 573 1974 ε

153 2003 271 2047 State,
291 2003 354 2039 viri
372 2019 382 2048 ;
404 2016 495 2054 quae
513 2016 636 2040 caussa
657 2003 732 2040 viae
748 2003 762 2040 ?
780 2002 887 2053 quive
906 2002 993 2040 estis
1013 2002 1048 2038 in
1070 2002 1198 2040 armis?

151 2071 281 2120 Quove
302 2069 432 2108 tenetis
451 2070 544 2108 iter!
578 2068 680 2107 Nihil
700 2068 749 2105 illi
770 2069 917 2106 tendere
937 2078 1063 2106 contra
1080 2085 1091 2114 3

153 2136 225 2172 Sed
246 2135 400 2177 celerare
420 2135 546 2188 fugam
565 2136 600 2172 in
621 2134 738 2180 silvas,
766 2144 804 2172 et
825 2135 934 2173 fidere
951 2136 1063 2173 nocti.

152 2201 343 2254 Objiciunt
362 2202 504 2253 equites
522 2214 596 2242 sese
615 2203 660 2240 ad
679 2202 832 2239 divortia
847 2211 934 2239 nota
