1455 2685
200 275 275 311 112
461 273 764 313 AENEIDOS
820 275 943 318 VIII.
1101 296 1136 319 va
1152 286 1246 324 439ae

194 384 336 423 Tollite
355 395 498 430 cuncta,
514 387 647 438 inquit,
660 398 887 440 coeptosque
902 390 1042 430 auferte
1061 392 1217 441 labores,

192 452 355 489 Aetnaei
376 453 574 504 Cyclopes,
602 463 639 491 et
660 455 732 493 huc
753 457 932 495 advertite
950 468 1133 499 mentem:

191 519 312 557 Arma
331 520 402 557 acri
422 520 587 558 facienda
606 522 682 558 viro
700 537 710 559 ε
741 536 836 560 nunc
856 524 991 562 viribus
1010 539 1110 570 usus,

191 587 229 624 N
236 601 301 624 unc
322 588 485 624 manibus
505 586 652 637 rapidis,
671 589 770 625 omni
791 603 885 627 nune
905 599 983 628 arte
1002 592 1187 643 magistra.

191 653 434 703 Praecipitate
453 667 584 690 moras.
615 653 696 692 Nec
716 655 821 705 plura
842 655 987 701 effatus,
1007 667 1044 695 et
1065 658 1117 696 illi

192 719 308 757 Ocius
327 721 523 758 incubuere
541 733 678 765 omnes,
707 722 914 774 pariterque
933 723 1096 762 laborem

192 786 323 823 Sortiti
342 802 351 824 :
383 786 463 823 fluit
482 800 540 824 aes
560 787 656 832 rivis,
684 789 833 840 aurique
854 790 1040 828 metallum
1058 807 1069 837 ;

188 854 466 904 Volnificnsque
485 854 639 905 chalybs
659 865 758 893 vasta
778 855 926 895 fornace
946 858 1129 908 liquescit.

191 921 385 972 Ingentem
405 921 560 970 clipeum
579 921 788 968 informant,
814 938 925 961 unum
946 925 1065 962 omnia
1085 937 1214 964 contra

188 988 284 1026 Tela
305 988 522 1026 Latinorum
541 1004 552 1034 ;
582 999 826 1040 septenosque
845 991 995 1029 orbibus
1015 994 1115 1031 orbis

189 1056 415 1106 Impediunt.
449 1055 530 1092 Alii
550 1057 706 1093 ventosis
725 1056 874 1094 follibus
893 1072 995 1096 auras

186 1123 396 1173 Accipiunt
416 1123 646 1173 redduntque
664 1138 674 1161 :
705 1122 763 1160 alii
784 1124 974 1162 stridentia
993 1126 1167 1178 tinguunt

188 1191 292 1228 Aera
310 1190 416 1227 lacu:
448 1188 563 1240 gemit
583 1189 763 1240 impositis
782 1190 975 1229 incudibus
995 1203 1153 1232 antrum.

190 1258 248 1296 Illi
269 1257 361 1294 inter
381 1270 454 1293 sese
471 1256 586 1294 multa
607 1257 639 1294 vi
658 1257 806 1295 brachia
825 1258 961 1297 tollunt

190 1325 234 1361 In
255 1337 458 1367 numerum,
487 1333 702 1375 versantque
723 1326 841 1362 tenaci
861 1325 1002 1377 forcipe
1022 1341 1185 1367 massam.

242 1391 352 1428 Haec
373 1400 478 1440 pater
495 1391 641 1428 Aeoliis
662 1401 834 1442 properat
852 1394 940 1430 dum
960 1394 1136 1433 Lemnius
1156 1396 1241 1442 oris,

189 1458 402 1496 Evandrum
421 1471 466 1495 ex
486 1457 612 1494 humili
631 1467 733 1496 tecto
753 1459 816 1496 lux
835 1460 988 1498 suscitat
1008 1460 1114 1507 alma,

188 1525 242 1562 Et
264 1524 432 1561 matutini
451 1524 641 1562 volucrum
661 1526 727 1563 sub
748 1525 902 1564 culmine
921 1537 1060 1566 cantus.

186 1591 388 1642 Consurgit
409 1591 540 1636 senior,
561 1592 760 1643 tunicaque
779 1593 967 1632 inducitur
985 1606 1100 1640 artus,

187 1659 241 1696 Et
261 1657 455 1708 Tyrrhena
475 1658 608 1707 pedum
629 1659 830 1698 circumdat
851 1661 992 1698 vincula
1012 1661 1170 1712 plantis:

186 1726 287 1763 Tum
298 1724 401 1761 lateri
418 1733 528 1773 atque
540 1725 697 1762 humeris
704 1726 917 1778 Tegeaeum
931 1728 1092 1780 subligat
1104 1744 1237 1776 ensem,

187 1793 358 1830 Deniissa
377 1793 422 1828 ab
441 1791 540 1829 laeva
558 1792 755 1842 pantherae
774 1803 878 1846 terga
902 1805 1129 1846 retorquens.

188 1860 268 1898 Nec
290 1873 359 1895 non
380 1868 416 1895 et
437 1858 573 1910 gemini
592 1860 762 1897 custodes
782 1860 903 1898 limine
924 1863 968 1901 ab
989 1862 1065 1900 alto

187 1926 414 1964 Praecedunt
433 1939 669 1977 gressumque
688 1940 793 1964 canes
809 1929 1030 1967 comitantur
1048 1930 1209 1969 herilem.

188 1993 362 2043 Hospitis
384 1993 534 2029 Aeneae
554 1992 674 2030 sedem
693 2003 730 2031 et
757 2004 894 2032 secreta
915 1996 1078 2045 petebat,

189 2062 405 2099 Sermonum
426 2073 564 2098 memor
590 2069 628 2097 ct
647 2061 812 2111 promissi
834 2063 1140 2107 muneris‚-heros.

187 2128 269 2165 Nec
291 2127 405 2164 minus
424 2127 574 2164 Aeneas
593 2140 630 2165 se
650 2129 851 2166 matutinus
866 2131 1012 2180 agebat.

189 2195 301 2233 Filio-s
321 2195 406 2233 huic
428 2195 558 2242 Pallas,
577 2194 628 2233 illi
647 2210 768 2234 comes
787 2197 863 2235 ibat
883 2198 1069 2236 Achates.
