1455 2685
197 307 230 332 v.
249 295 340 332 243.
503 292 804 332 AENEIDOS
858 294 958 333 VII.
1197 297 1248 337 75

191 405 273 444 Dat
294 404 362 442 tibi
383 411 568 454 praeterea
588 403 756 442 fortunae
774 418 884 454 parva
904 405 1033 455 prioris

193 471 365 514 Munera,
387 471 555 521 reliquias
575 471 689 523 Troja
708 485 752 508 ex
773 472 920 509 ardente
941 480 1116 521 receptas.

191 537 283 576 Hoc
304 548 406 588 pater
426 538 610 575 Anchises
630 551 718 575 auro
739 537 878 574 libabat
898 538 943 575 ad
963 552 1040 574 aras
1058 553 1068 576 z

191 604 283 642 Hoc
305 603 437 642 Priami
456 614 643 655 gestamen
663 613 754 648 erat,
784 618 897 654 quum
912 607 994 656 jura
1015 605 1152 641 vocatis

194 671 306 709 More
326 671 430 708 daret
449 670 607 720 populis,
639 683 910 721 sceptrumque,
934 685 1104 721 sacerque
1124 672 1244 716 tiaras,

194 738 426 788 Iliadumque
445 737 550 775 labor
577 748 704 776 vestes·

242 804 397 842 Talibus
420 804 549 842 Ilionei
568 805 678 842 dictis
699 804 819 841 defixa
842 804 999 842 Latinus

191 873 344 911 Obtutu
364 881 464 910 tenet
484 885 560 916 ora,
581 871 731 923 soloque
752 872 945 909 immobilis
964 872 1103 917 haeret,

190 940 360 978 Intentos
379 939 524 976 volvens
545 937 683 976 oculos.
717 938 797 976 Nec
818 953 980 989 purpura
999 953 1124 992 regern

188 1006 295 1044 Picta
315 1014 450 1050 movet,
470 1020 534 1043 nec
554 1014 697 1056 sceptra
716 1018 860 1043 movent
884 1007 1063 1044 Priameia
1083 1015 1240 1053 tantum,

187 1073 381 1123 Quantum
401 1073 435 1109 in
456 1073 638 1110 connubio
656 1082 773 1116 natae,
788 1073 1034 1123 thalamoque,
1051 1084 1239 1120 moratur;

185 1138 241 1176 Et
260 1139 388 1177 veteris
410 1140 524 1177 Fauni
545 1139 655 1177 volvit
676 1142 742 1178 sub
766 1149 913 1190 pectore
934 1150 1094 1179 sortem:

188 1205 305 1243 Hunc
327 1205 426 1243 illum
448 1205 531 1244 fatis
550 1216 698 1243 externa
718 1207 763 1244 ab
784 1207 867 1243 sede
896 1206 1105 1256 profectum

188 1272 365 1311 Portendi
385 1287 572 1325 generum,
593 1273 812 1323 paribusque
832 1274 867 1309 in
883 1287 993 1324 regna
1012 1273 1134 1311 vocari

184 1340 376 1390 Auspiciis
394 1356 404 1385 ;
434 1341 519 1378 huic
540 1342 752 1392 progeniem
772 1341 904 1378 virtute
925 1340 1086 1378 futuram

183 1407 398 1458 Egregiam,
418 1415 457 1445 et
475 1417 598 1445 totum
618 1421 710 1457 quae
731 1408 865 1444 viribus
885 1418 1045 1457 occupet
1065 1408 1202 1446 orbem.

182 1473 353 1511 Tandem
371 1474 488 1511 laetus
507 1474 555 1511 ait
574 1489 584 1512 :
617 1475 671 1511 Di
694 1475 973 1524 nostraincepta
993 1475 1207 1519 secundent,

181 1540 473 1591 Auguriumque
486 1554 601 1578 suum.
627 1541 986 1593 Dabitur‚Trojane‚
999 1542 1100 1591 quod
1113 1553 1233 1593 optas,

183 1606 340 1644 Munera
360 1620 432 1649 nec,
446 1621 588 1657 sperno.
625 1608 710 1645 Non
733 1609 847 1652 vobis,
868 1622 952 1660 rege
975 1609 1126 1654 Latino,

181 1672 321 1712 Divitis
342 1674 430 1710 uber
448 1674 540 1726 agri,
570 1675 749 1726 Trojaeve
768 1674 954 1725 opulentia
973 1675 1099 1713 deerit.

183 1739 270 1789 Ipse
291 1740 402 1777 modo
424 1742 584 1786 Aeneas,
605 1742 718 1779 nostri
738 1742 765 1779 si
787 1752 888 1778 tanta
908 1742 1042 1792 cupido
1059 1750 1127 1786 est,

184 1806 222 1844 Si
239 1807 344 1858 jungi
364 1807 525 1857 hospitio
546 1818 731 1858 properat,
752 1808 944 1857 sociusque
963 1809 1098 1853 vocari,

183 1873 372 1912 Adveniat
391 1890 401 1920 ;
433 1873 550 1911 voltus
570 1889 655 1912 neve
673 1874 906 1912 exhorrescat
926 1877 1082 1914 amicos:

181 1939 270 1977 Pars
290 1940 375 1977 mihi
395 1941 493 1991 pacis
511 1942 579 1979 erit
600 1942 767 1979 dextram
782 1942 945 1994 tetigisse
966 1942 1122 1993 tyranni.

182 2007 263 2045 Vos
282 2016 410 2045 contra
428 2009 505 2060 regi
525 2023 602 2046 mea
622 2023 716 2046 nunc
737 2011 905 2047 mandata
925 2010 1069 2048 referte.

181 2073 254 2110 Est
273 2074 360 2111 mihi
380 2084 475 2120 nata,
496 2076 571 2113 viro
590 2077 712 2128 gentis
731 2091 839 2127 quam
853 2079 1185 2128 jungere-nostrae,

180 2139 268 2177 Non
288 2142 406 2190 patrio
425 2156 469 2180 ex
490 2143 604 2194 adyto
624 2155 751 2187 sortes,
764 2140 842 2181 'non
865 2144 1017 2193 plurima
1038 2144 1139 2181 coelo

181 2205 350 2245 Monstra
369 2208 490 2249 sinunt
507 2224 515 2247 :
548 2223 699 2261 generos
719 2211 877 2249 externis
895 2211 1008 2249 affore
1027 2212 1072 2249 ab
1092 2211 1177 2257 oris,

668 2276 705 2315 K
738 2278 762 2314 2
