1455 2685
252 284 306 321 50
558 280 860 319 AENEIDOS
916 280 992 320 VI.
1168 295 1202 320 v,
1215 283 1308 322 466.

259 393 381 442 Quem
394 390 494 443 fugis
511 392 524 429 ?
542 400 746 429 extremum
758 390 850 436 fato,
871 391 972 442 quod
986 400 1023 429 te
1038 391 1216 443 alloquor,
1235 394 1309 432 hoc

259 458 413 496 Talibus
432 458 582 496 Aeneas
601 457 786 494 ardentem
804 468 842 495 et
861 467 965 495 torva
983 467 1148 497 tuentem
1217 463 1309 512 [est.

260 524 420 563 Lenibat
442 525 550 563 dictis
569 525 740 569 animum,
760 524 996 575 lacrimasque
1015 525 1134 564 ciebat
1150 542 1161 566 :

260 591 330 628 Illa
351 591 428 628 solo
449 592 541 629 fixos
560 591 687 629 oculos
707 605 828 629 aversa
846 592 996 629 tenebat
1014 607 1025 637 ς

259 658 340 698 Nec
361 659 476 709 magis
494 658 642 708 incepto
662 657 802 696 voltum
820 672 983 696 sermone
1001 669 1183 704 movetur,

260 727 383 776 Quam
404 726 432 762 si
452 726 542 762 dura
562 725 665 770 silex,
685 737 748 764 aut
768 735 839 764 stet
860 727 1045 777 Marpesia
1064 737 1201 765 cautes.

259 793 427 832 Tandem
447 793 623 842 corripuit
644 807 733 837 sese,
753 802 864 843 atque
883 794 1027 831 inimica
1046 794 1185 846 refugit

259 860 305 898 In
324 873 450 897 nemus
470 858 733 904 umbriferum;
763 862 921 911 conjunx
941 860 1003 897 ubi
1023 861 1196 910 pristinus
1214 861 1266 899 illi

261 925 477 975 Respondet
496 925 605 968 curis,
625 934 829 977 aequatque
850 925 1035 975 Sychaeus
1056 940 1227 966 amorem.

258 993 338 1031 Nec
359 991 475 1028 minus
493 991 656 1035 Aeneas,
685 1005 769 1029 casu
790 1005 980 1041 percussus
999 992 1138 1044 iniquo,

257 1059 500 1109 Prosequitur
517 1058 705 1096 lacrimans
719 1057 842 1109 longe,
862 1068 899 1096 et
918 1059 1107 1097 miseratur
1123 1070 1284 1099 euntem.

313 1127 405 1164 Inde
424 1126 549 1162 datum
568 1125 719 1162 molitur
736 1125 830 1164 iter:
847 1128 995 1177 jamque
1011 1139 1093 1163 arva
1111 1127 1285 1165 tenebant

260 1193 418 1237 Ultima,
439 1205 530 1242 quae
549 1191 646 1228 bello
667 1191 753 1228 clari
773 1201 911 1229 secreta
930 1191 1176 1244 frequentant.

259 1261 338 1299 Hic
358 1259 407 1296 illi
428 1259 589 1296 occurrit
608 1258 765 1309 Tydeus
781 1274 792 1304 3
820 1259 894 1304 hic,
913 1258 1074 1296 inclutus
1093 1260 1213 1304 armis,

259 1327 570 1375 Parthenopaeus.
595 1334 633 1362 et
652 1325 810 1363 Adrasti
828 1324 994 1375 pallentis
1013 1326 1147 1377 imago.

258 1393 351 1437 Hic,
373 1391 528 1429 multum
549 1391 625 1429 fleti
644 1392 688 1429 ad
709 1405 872 1442 superos,
890 1391 1062 1442 belloque
1082 1393 1225 1438 caduci,

258 1460 517 1500 Dardanidae:
550 1472 640 1508 quos
660 1457 718 1495 ille
738 1458 852 1495 omnis
871 1457 985 1509 longo
1005 1458 1131 1495 ordine
1162 1472 1309 1497 cernens

258 1527 458 1579 Ingemuit,
493 1525 766 1575 Glaucumque,
801 1525 1068 1576 Medontaque,
1103 1525 1294 1564 Thersilo-

471 1593 670 1642 chumque‚

255 1662 343 1701 Tris
362 1659 628 1703 Antenoridas,
643 1659 840 1709 Cererique
855 1672 994 1697 sacrum
1012 1659 1283 1711 Polyphoeten,

256 1730 494 1777 Idaeumque,
513 1726 622 1763 etiam
642 1739 783 1770 currus,
803 1726 912 1763 etiam
931 1739 1041 1771 arma,
1061 1735 1259 1765 tenentem.

256 1797 506 1835 Circumstant
526 1792 661 1830 animae
682 1792 823 1837 dextra,
852 1792 1038 1842 laevaque,
1059 1792 1280 1843 frequentes.

257 1864 339 1902 Nec
359 1861 487 1898 vidisse
507 1859 615 1897 semel
635 1859 720 1897 satis
740 1868 819 1897 est:
845 1862 947 1908 juvat
976 1873 1091 1909 usque
1111 1861 1257 1905 morari,

256 1931 309 1968 Et
331 1927 494 1966 conferre
515 1926 683 1978 gradum,
703 1935 741 1964 et
756 1926 921 1964 veniendi
941 1925 1077 1963 discere
1097 1940 1254 1965 caussas.

252 1998 315 2037 At
329 1995 499 2034 Danaum
510 2006 690 2043 proceres,
699 1993 1082 2043 Agamemnoniaeque
1095 1992 1309 2045 phalanges,

252 2068 312 2105 Ut
331 2063 448 2099 videre
468 2062 596 2103 virum,
628 2058 878 2110 fulgentiaque
898 2072 994 2096 arma
1014 2073 1079 2108 per
1097 2060 1255 2105 umbras,

256 2128 404 2182 Ingenti
422 2127 603 2178 trepidare
622 2134 721 2163 metu
739 2141 748 2164 :
780 2139 862 2176 pars
883 2135 1020 2164 vertere
1041 2135 1160 2177 terga,

255 2188 335 2239 Ceu
354 2195 537 2247 quondam
556 2192 691 2244 petiere
711 2193 797 2232 ratis
815 2208 826 2232 ε
856 2207 938 2244 pars
957 2192 1085 2232 tollere
1105 2207 1229 2231 vocem
