1455 2685
225 337 303 372 200
527 335 830 375 AENEIDOS
888 337 963 374 XI.
1128 352 1161 375 v.
1181 341 1269 379 383.

218 446 377 484 Proinde
397 456 482 484 tona
502 447 663 498 eloquio,
685 448 832 486 solitum
852 448 921 485 tibi
938 465 948 495 ;
978 462 1108 500 meque
1127 450 1268 488 timoris

215 513 353 564 Argue
374 523 429 558 tu,
451 514 600 552 Drance
619 531 628 553 :
660 515 808 565 quando
828 524 887 552 tot
908 515 1038 566 stragis
1058 530 1204 554 acervos

214 579 446 617 Teucrorum
465 590 529 618 tua
549 582 679 618 dextra
698 582 814 626 dedit,
829 582 1036 632 passimque
1055 583 1213 633 tropaeis

215 647 375 698 Insignis
395 662 518 698 agros.
549 649 671 686 Possit
691 649 781 699 quid
801 649 919 686 vivida
939 650 1066 694 virtus,

214 715 416 765 Experiare
436 715 521 753 licet
539 732 550 761 ;
581 730 646 753 nec
667 716 777 767 longe
797 716 934 753 scilicet
954 717 1079 754 hostes

213 782 423 831 Quaerendi
442 783 569 820 nobis:
601 784 842 820 circumstant
862 783 1023 833 undique
1043 797 1179 820 muros.

212 848 316 884 Imus
333 847 369 884 in
389 848 557 885 adversos
574 849 587 886 ?
616 848 705 898 quid
725 862 840 886 cessas
859 849 871 886 ?
900 862 944 885 an
964 849 1032 886 tibi
1053 849 1204 887 Mavors

210 915 377 952 Ventosa
395 916 431 952 in
451 915 590 966 lingua,
611 916 841 965 pedibusque
860 914 1058 967 fugacibus
1078 916 1169 961 istis,

212 983 366 1033 Semper
384 982 453 1020 erit
469 983 482 1021 ?

210 1049 343 1087 Pulsus
354 1051 444 1101 ego?
457 1058 519 1087 aut
536 1050 729 1101 quisquam
744 1050 1263 1102 merito,foedissime,pu1sum

208 1119 380 1168 Arguet,
402 1117 516 1155 Iliaco
537 1118 718 1155 tumidum
741 1118 802 1168 qui
822 1132 984 1156 crescere
1004 1119 1194 1169 Thybrim

210 1184 411 1235 Sanguine,
431 1193 468 1221 et
491 1183 652 1221 Evandri
671 1193 790 1222 totam
810 1198 894 1221 cum
915 1184 1027 1235 stirpe
1047 1184 1184 1222 videbit

207 1251 452 1289 Procubuisse
472 1252 636 1296 domum,
656 1260 767 1301 atque
787 1261 918 1289 exutos
937 1252 1108 1289 Arcadas
1128 1252 1234 1289 armis
1252 1253 1263 1290 ἓ

207 1318 326 1355 Haud
345 1318 396 1355 ita
416 1332 472 1356 me
491 1319 633 1368 experti
656 1319 772 1356 Bitias
791 1328 830 1356 et
852 1319 1038 1356 Pandarus
1059 1319 1200 1370 ingens,

207 1386 263 1423 Et
283 1400 376 1435 quos
396 1385 493 1422 mille
513 1385 572 1422 die
592 1384 709 1422 victor
729 1373 797 1422 sub
817 1386 977 1423 Tartara
996 1386 1090 1431 misi,

208 1451 376 1489 Inclusus
397 1451 521 1496 muris,
549 1452 750 1502 hostilique
769 1467 906 1504 aggere
927 1462 1068 1502 septus.

204 1518 318 1556 Nulla
338 1518 431 1557 salus
451 1518 546 1556 bello
566 1522 574 1557 Ξ
608 1520 734 1570 Capiti
753 1534 842 1557 cane
862 1519 948 1557 talia
968 1520 1114 1556 demens

203 1586 410 1630 Dardanio,
442 1587 623 1636 rebusque
643 1587 730 1624 tuis.
762 1586 920 1624 Proinde
941 1587 1062 1623 omnia
1081 1600 1215 1638 magno

204 1653 264 1691 Ne
285 1667 382 1690 cessa
401 1654 549 1690 turbare
568 1663 681 1698 metu,
711 1663 822 1704 atque
839 1653 1017 1691 extollere
1038 1654 1130 1691 vires

206 1719 339 1758 Gentis
360 1720 415 1756 bis
435 1719 552 1756 victae
570 1734 580 1764 3
610 1728 739 1756 contra
758 1734 920 1769 premere
940 1734 1038 1757 arma
1059 1720 1201 1758 Latini.

204 1786 314 1824 Nune
335 1795 371 1823 et
391 1785 669 1836 Myrmidonum
689 1800 857 1836 proceres
882 1787 1048 1838 Phrygia
1067 1799 1165 1823 arma
1183 1795 1257 1823 tre-

203 1854 315 1892 Nunc
326 1853 552 1903 etTydides,
569 1861 605 1890 ct
622 1853 835 1890 Larissaeus
849 1853 1039 1891 Achilles!
1059 1853 1252 1904 [miscunt!

201 1919 338 1957 Amnis
357 1929 395 1957 et
415 1919 619 1957 Hadriacas
639 1929 737 1957 retro
758 1920 858 1971 fugit
878 1920 1044 1957 Aufidus
1064 1920 1178 1956 undas
1197 1923 1206 1957 !

202 1986 288 2032 Vel,
315 2001 398 2024 cum
419 2000 454 2024 sc
471 1987 640 2036 pavidum
661 1996 789 2024 contra
809 2000 886 2023 mea
901 1987 1025 2038 jurgia
1045 1987 1155 2037 fingit

201 2053 376 2092 Artificis
397 2053 526 2097 scelus,
555 2062 594 2090 et
613 2051 806 2090 formidine
825 2052 958 2090 crimen
989 2053 1148 2090 acerbat.

202 2122 413 2171 Numquam
424 2120 577 2157 animam
589 2119 697 2158 talem
705 2120 834 2157 dextra
849 2121 917 2157 hac
928 2119 1082 2172 (absiste
1091 2120 1251 2173 moveri)

201 2188 369 2225 Amittes
387 2202 396 2226 :
427 2187 572 2225 habitet
593 2199 728 2232 tecum,
757 2198 792 2225 et
815 2189 860 2224 sit
879 2195 1029 2237 pectore
1049 2187 1083 2223 in
1104 2187 1189 2224 isto.

227 2255 338 2294 Nunc
353 2255 398 2293 ad
411 2264 463 2301 te,
475 2263 512 2294 et
527 2264 591 2292 tua
604 2268 748 2306 magna,
762 2264 879 2306 pater,
895 2254 1064 2293 consulta
1079 2263 1256 2293 revertor.
