1455 2685
191 336 226 362 v.
239 326 329 362 494.
528 321 831 361 AENEIDOS
887 324 938 361 V.
1193 329 1243 365 19

191 433 451 485 Consequitur,
479 434 581 472 viridi
603 435 817 474 Mnestheus
835 434 1001 472 evinctus
1021 435 1127 475 oliva.

190 501 348 539 Tertius
371 502 571 552 Eurytion,
592 510 690 546 tuus,
717 515 741 538 ο
760 500 952 538 clarissime
969 503 977 538 !
1012 500 1135 546 frater,

191 569 353 607 Pandare
372 585 382 614 3
412 570 476 618 qui
496 568 699 619 quondam,
713 570 835 619 jussus
853 567 1077 606 confundere
1097 568 1241 616 foedus,

190 635 234 672 In
257 635 392 673 medios
411 635 525 673 telum
554 635 694 672 torsisti
714 635 852 684 primus
871 635 1053 674 Achivos.

189 701 388 739 Extremus
406 702 583 753 galeaque
602 702 673 739 ima
694 702 850 739 subsidit
872 703 1045 747 Acestes,

186 769 317 808 Ausus
335 779 373 807 et
391 770 466 820 ipse
487 783 595 806 manu
610 771 782 820 juvenum
798 778 938 807 tentare
956 769 1132 809 laborem.

239 835 342 873 Tum
362 836 484 873 validis
504 837 615 873 flexos
642 836 833 873 incurvant
853 836 987 874 viribus
1008 850 1127 881 arcus,

187 901 261 940 Pro
282 916 318 940 se
339 903 507 954 quisque,
527 903 606 947 viri,
632 912 669 940 et
689 903 908 952 depromunt
928 902 1000 940 tela
1018 902 1210 953 pharetris.

186 968 378 1021 Primaque
397 984 462 1020 per
478 968 633 1013 coelum,
654 983 762 1007 nervo
779 969 968 1014 stridente,
989 970 1127 1021 sagitta

185 1034 416 1085 Hyrtacidae
431 1037 572 1088 juvenis
592 1036 744 1074 volucris
772 1037 975 1074 diverberat
995 1049 1099 1074 auras
1116 1052 1129 1082 ;

184 1101 239 1139 Et
259 1103 370 1147 venit,
390 1103 600 1154 adversique
620 1103 786 1155 infigitur
805 1103 933 1140 arbore
955 1103 1052 1141 mali.

186 1169 383 1206 Intremuit
403 1170 529 1213 malus,
551 1170 749 1219 timuitque
768 1172 941 1207 exterrita
961 1170 1087 1220 pennis

183 1234 290 1278 Ales,
309 1244 346 1272 et
367 1235 507 1286 ingenti
528 1246 724 1272 sonuerunt
740 1236 858 1272 omnia
878 1235 1020 1285 plausu.

183 1301 290 1345 Post,
319 1315 403 1338 acer
424 1301 641 1340 Mnestheus
661 1302 820 1339 adducto
841 1302 1007 1340 constitit
1028 1315 1129 1347 arcu,

180 1367 276 1405 Alta
296 1377 448 1418 petens;
478 1368 684 1420 pariterque
703 1368 830 1405 oeulos
858 1368 1044 1421 telumque
1063 1371 1233 1410 tetendit.

179 1435 258 1472 Ast
278 1435 392 1485 ipsam
412 1435 631 1472 miserandus
651 1449 749 1472 avem
769 1436 982 1488 contingere
1005 1436 1101 1475 ferro

179 1503 266 1542 Non
288 1503 425 1548 valuit3
456 1503 570 1540 nodos
590 1512 627 1540 et
648 1502 792 1539 vincula
810 1501 901 1539 linea
922 1505 1035 1553 rupit,

181 1571 277 1619 Quis
297 1570 427 1606 innexa
448 1569 576 1619 pedem
593 1569 687 1606 malo
706 1570 885 1620 pendebat
905 1570 950 1607 ab
970 1570 1045 1607 alto
1062 1585 1073 1609 :

180 1636 250 1674 Illa
271 1646 377 1674 notos
397 1645 508 1687 atque
528 1645 606 1673 atra
626 1636 748 1673 volans
764 1636 797 1672 in
820 1636 942 1674 nubila
961 1637 1073 1689 fugit.

178 1704 280 1741 Tum
300 1703 462 1754 rapidus,
479 1704 695 1755 jamdudum
715 1718 799 1741 arcu
819 1713 991 1742 contenta
1012 1714 1140 1754 parato

177 1770 273 1810 Tela
293 1780 430 1816 tenens,
451 1771 600 1809 fratrem
622 1771 811 1822 Eurytion
832 1772 866 1808 iu
889 1781 972 1809 vota
991 1773 1150 1819 vocavit,

176 1839 258 1876 Jam
277 1852 393 1876 vacuo
412 1838 544 1876 laetam
563 1838 670 1876 coelo
691 1839 900 1889 speculatus
916 1855 926 1884 ;
955 1848 1006 1883 et,
1035 1839 1099 1878 alis

177 1906 430 1950 Plaudentem,
458 1906 560 1956 nigra
579 1905 662 1956 figit
683 1906 750 1943 sub
771 1907 867 1943 nube
887 1905 1109 1944 columbam.

176 1973 331 2013 Decidit
350 1972 536 2016 exanimis,
566 1972 748 2022 vitamque
769 1972 916 2023 reliquit
936 1973 971 2009 in
991 1973 1097 2011 astris

175 2040 381 2083 Aetheriis‚
413 2039 600 2090 fixamque
620 2039 731 2077 refert
752 2039 899 2090 delapsa
919 2040 1103 2091 sagittam.

176 2107 326 2145 Amissa
338 2106 445 2144 *solus
465 2107 583 2157 palma
611 2107 806 2156 superabat
827 2107 989 2144 Acestes
1003 2122 1013 2142 ε

176 2174 252 2223 Qui
273 2182 392 2211 tamen
412 2175 524 2212 aerias
540 2174 656 2212 telum
677 2175 867 2214 contendit
885 2175 919 2212 in
940 2189 1057 2218 auras,

177 2238 377 2279 ostentans
397 2250 584 2292 artemque
604 2252 722 2293 pater,
743 2257 939 2293 arcumque
959 2251 1156 2280 sonantem.

662 2310 749 2348 C‘l
