1455 2685
189 312 220 336 v.
242 299 328 337 159.
504 295 805 335 AENEIDOS
862 297 935 336 VI.
1184 301 1236 342 39'
1286 307 1291 312 '

192 409 231 446 It
251 422 384 454 comes,
403 417 440 446 et
460 408 606 458 par-ibus
625 408 720 445 curis
739 408 890 459 vestigia
910 408 1004 459 figit.

190 475 314 514 Multa
333 475 427 513 inter
444 488 519 513 sese
538 475 635 511 vario
655 488 815 512 sermone
834 475 997 512 serebant
1017 490 1026 513 :
1074 464 1082 471 i
1111 477 1234 526 [duim

189 542 311 591 Quem
330 542 466 579 socium
481 541 678 578 exanimem
693 550 804 585 vates,
820 542 920 591 quod
936 555 1069 591 corpus
1083 541 1234 578 human-

189 607 355 646 Diceret.
385 609 518 658 Atque
537 607 586 645 illi
606 607 788 645 Misenum
808 607 844 643 in
862 607 985 644 littore
1004 607 1115 652 sicco,

189 675 247 713 Ut
267 689 404 719 venere,
432 675 555 712 vident
582 674 730 725 indigna
749 683 864 711 morte
883 684 1083 724 peremtum
1099 692 1109 720 ;

186 741 370 779 Misenum
387 741 571 780 Aeoliden
590 757 599 779 :
630 755 705 791 quo
725 755 796 777 non
816 741 1056 790 praestantior
1074 741 1164 779 alter

186 808 288 845 Aere
308 808 402 846 ciere
423 809 528 852 viros,
557 808 791 857 Martemque
811 808 1006 844 accendere
1026 817 1147 845 cantu.

187 872 364 912 Hectoris
378 874 438 912 hic
459 874 580 926 magni
595 873 714 911 fuerat
733 887 854 911 comes
874 889 883 918 ;
906 873 1077 911 Hectora
1089 874 1224 912 circum

185 939 239 977 Et
259 940 351 978 lituo
370 954 512 992 pugnas
531 940 681 992 insignis
700 941 841 984 obibat,
860 950 897 977 et
911 941 1020 977 'hasta
1039 956 1048 978 :

184 1005 384 1057 Postquam
403 1007 504 1044 illum
524 1007 597 1044 vita
615 1007 733 1045 victor
751 1007 918 1057 spoliavit
937 1007 1120 1051 Achilles,

183 1075 372 1112 Dardanio
395 1076 544 1113 Aeneae
565 1089 639 1112 sese
656 1074 873 1112 fortissimus
893 1075 998 1112 heros

182 1141 393 1179 Addiderat
414 1142 565 1186 socium,
595 1156 665 1179 non
685 1141 853 1179 inferiora
872 1151 1030 1178 secutus.

183 1210 256 1247 Sed
275 1218 367 1253 tum,
387 1208 482 1246 forte
496 1222 582 1246 cava
600 1209 687 1245 dnm
707 1217 876 1258 personat
897 1222 1053 1258 aequora-1
1071 1209 1222 1253 conch::‚

180 1275 356 1320 Demens,
383 1284 421 1312 et
441 1285 550 1312 cantu
572 1284 676 1311 vocat
696 1275 730 1311 in
751 1275 945 1312 certamina
964 1276 1079 1319 divos,

179 1339 366 1380 Aemulus
384 1351 580 1392 exceptum
602 1342 751 1386 Triton,
772 1342 800 1379 si
819 1343 964 1379 credere
984 1343 1136 1394 dignum
1156 1355 1222 1386 est,-

133 1443 136 1446 .
181 1411 282 1448 Inter
301 1422 385 1446 saxa
404 1408 518 1445 virum
537 1421 704 1458 spumosa
725 1408 945 1446 immerserat
965 1409 1071 1446 unda.

179 1476 286 1527 Ergo
301 1488 425 1517 omnes
443 1487 578 1526 magno
596 1473 733 1512 circum
753 1473 909 1512 clamore
929 1474 1129 1513 fremebant
1148 1491 1157 1519 3

179 1541 378 1592 Praecipue
396 1541 477 1592 pius
496 1541 657 1578 Aeneas.
715 1539 816 1578 Tum
831 1542 929 1592 jussa
950 1541 1125 1591 Sibylla—e,

180 1607 297 1646 Haud
316 1622 428 1654 mora,
456 1607 628 1646 festinant
648 1607 774 1646 ssentes
795 1623 806 1653 ;
835 1620 1004 1657 aramque
1023 1608 1177 1658 sepulcri

178 1675 388 1727 Congerere
406 1675 608 1719 arboribus,
637 1673 816 1724 coeloque
833 1674 999 1717 educere,
1027 1684 1181 1712 certant.

231 1742 316 1780 Itur
332 1742 368 1778 in
385 1741 572 1792 antiquam
593 1740 729 1786 silvam,
749 1739 889 1778 stabula
908 1739 980 1778 alta
1001 1739 1178 1778 fei-arum:
1217 1755 1221 1761 ³

178 1808 432 1846 Procumbunt
451 1807 600 1858 piceae;
629 1816 733 1845 sonat
753 1807 827 1845 icta
845 1806 1030 1845 securibus
1050 1806 1118 1845 ilex
1135 1823 1148 1852 ,ι

176 1874 449 1924 Fraxineaeqne
467 1875 589 1913 trabes
608 1874 745 1918 cuneis,
763 1883 801 1911 et
821 1873 928 1911 fissile
950 1874 1060 1910 robur

116 1966 123 1974 .
177 1939 390 1978 Scinditur:
422 1939 617 1978 advolvunt
638 1939 794 1991 ingentis
814 1939 998 1976 montibus
1016 1952 1135 1976 ornos.

175 2005 329 2043 Necnon
349 2006 495 2044 Aeneas
513 2019 624 2056 opera
642 2006 736 2043 inter
753 2005 838 2044 talia
857 2005 994 2056 primus

175 2071 366 2110 Hortatur
383 2071 514 2118 socios,
542 2072 761 2122 paribusque
779 2071 986 2122 accingitur
1004 2071 1109 2109 armis
1127 2089 1138 2118 ;

173 2138 307 2189 Atque
325 2138 414 2177 haec
433 2139 510 2189 ipse
529 2153 594 2176 suo
615 2138 711 2177 tristi
731 2153 814 2176 cum
833 2139 944 2177 corde
964 2139 1121 2185 volutat,

173 2204 409 2256 Adspectans
423 2205 547 2244 silvam
562 2206 782 2251 immensam,
803 2215 839 2243 et
860 2206 910 2244 sic
925 2220 1012 2245 voce
1033 2219 1213 2259 precatur:
