1455 2685
223 299 303 336 5220
517 298 825 337 AENEIDOS
883 299 985 337 XII.
1160 315 1195 339 v.
1218 304 1277 343 19.

228 410 265 449 O
289 419 472 464 praestans
492 410 597 451 animi
612 410 753 462 juvenis
773 413 781 449 !
815 420 991 461 quantum
1012 411 1088 462 ipse
1113 411 1227 449 feroci

227 478 380 516 Virtute
399 491 604 528 exsuperas,
634 487 739 515 tanto
764 492 821 515 me
841 478 1036 528 impensius
1055 493 1209 529 aequum
1228 488 1283 517 est

227 545 440 589 Consulem,
458 556 568 596 atque
582 546 697 582 omnis
712 554 934 583 metuentem
945 547 1149 597 expendere
1165 561 1282 585 casus.

231 613 328 663 Sunt
349 613 416 650 tibi
437 626 548 664 regna
567 613 679 663 patris
700 613 841 657 Dauni,
863 622 946 650 sunt
965 613 1102 664 oppida
1122 624 1231 668 capta

227 679 353 718 Multa
365 694 493 725 manu;
521 694 586 717 nec
603 694 674 716 non
690 693 904 731 aurumque,
921 680 1131 731 animusque
1146 681 1284 718 Latino

232 748 329 785 Sunt
341 747 428 784 aliae
441 747 613 797 innuptae
622 747 736 784 Latio
749 756 787 784 et
795 747 1045 784 Laurentibus
1057 748 1167 799 agris,
1189 752 1281 799 [estz

228 815 310 853 Nec
326 828 441 865 genus
455 814 654 851 indecores.
688 813 774 852 Sine
790 828 846 852 me
861 814 963 859 haec,
984 815 1080 852 haud
1097 815 1217 852 mollia
1234 815 1287 852 fa-

233 881 395 920 Sublatis
414 881 551 931 aperire
565 880 658 918 dolis
677 896 687 926 ;
710 880 815 918 simul
830 882 900 918 hoc
920 881 1039 918 animo
1060 882 1174 919 hauri.
1203 885 1283 934 [tu,

231 948 299 986 Me
319 957 438 985 natam
460 947 548 985 nulli
569 957 730 985 veterum
751 948 887 986 sociare
906 962 1103 998 procorum

233 1015 303 1053 Fas
322 1025 412 1060 erat,
441 1015 551 1066 idque
571 1030 694 1053 omnes
714 1017 874 1066 divique,
903 1016 1154 1066 hominesque,
1182 1031 1287 1055 cane-

229 1082 363 1119 Victus
383 1096 503 1119 amore
523 1083 592 1126 tui,
612 1092 773 1133 cognato
794 1082 971 1134 sanguine
991 1082 1124 1127 vietus,
1155 1085 1282 1134 [bant.

234 1148 414 1200 Conjugis
434 1158 471 1186 et
493 1159 652 1187 moestae
671 1149 840 1195 lacrimis,
869 1149 988 1187 vincla
1007 1150 1127 1187 omnia
1146 1151 1229 1201 rupi
1245 1167 1255 1193 ;

235 1216 454 1253 Promissam
475 1216 592 1267 eripui
613 1231 750 1268 genero
769 1233 780 1263 3
811 1231 909 1254 arma
928 1217 1036 1269 impia
1057 1217 1179 1254 sumsi.

233 1284 296 1323 Ex
316 1284 378 1321 illo
399 1284 463 1335 qui
482 1299 538 1322 me
558 1299 675 1330 casuS,
704 1300 811 1337 quae,
832 1286 974 1330 Turne,
996 1295 1196 1336 sequantur

234 1352 350 1397 Bella,
371 1352 490 1398 vides;
521 1362 678 1403 quantos
707 1353 845 1403 primus
864 1353 1003 1404 patiare
1022 1352 1176 1391 labores.

234 1420 298 1458 Bis
318 1433 448 1472 magna
467 1419 554 1457 victi
574 1434 713 1472 pugna,
735 1420 793 1457 vix
814 1421 905 1458 urbe
926 1430 1071 1458 tuemur

233 1489 326 1538 Spes
348 1487 459 1525 Italas
477 1503 486 1526 ε
517 1487 675 1525 recalent
696 1497 822 1524 nostro
838 1487 1015 1525 Tiberina
1035 1488 1170 1525 fluenta

233 1555 419 1607 Sanguine
439 1555 573 1600 adhuc,
595 1555 786 1605 campique
806 1555 971 1606 ingentes
990 1555 1131 1593 ossibus
1150 1556 1286 1595 albent.

233 1625 322 1674 Quo
341 1622 479 1660 referor
498 1623 607 1660 toties
625 1623 638 1660 ἒ
667 1636 761 1672 quae
781 1632 940 1659 mentem
960 1622 1094 1658 insania
1115 1624 1262 1662 mutat?

232 1690 274 1729 Si
293 1689 425 1727 Turno
444 1689 629 1726 exstincto
651 1689 769 1726 socios
788 1703 868 1726 sum
887 1689 1025 1726 adscire
1045 1699 1207 1740 paratuS‚

233 1759 313 1797 Cur
332 1770 404 1793 non
425 1755 598 1793 incolumi
619 1757 745 1806 potins
763 1756 962 1793 certamina
982 1755 1073 1793 tollo
1089 1757 1102 1795 ?

232 1824 336 1876 Quid
356 1822 615 1874 consanguinei
639 1822 784 1866 Rutuli,
806 1822 896 1872 quid
915 1832 1036 1860 cetera
1057 1823 1155 1860 dicet

233 1893 355 1937 Italia,
375 1891 421 1928 ad
440 1901 594 1928 mortem
615 1890 642 1927 si
662 1900 699 1927 te
731 1890 846 1943 (Fors
866 1889 965 1926 dicta
985 1889 1144 1942 refutet)

232 1958 476 2000 Prodiderirn‚
497 1967 617 1994 natam
638 1966 676 1994 et
696 1956 879 1994 connubia
899 1966 1023 1994 nostra
1043 1968 1229 2008 petentem
1248 1960 1261 1998 ἓ

235 2026 395 2076 Respice
415 2038 470 2061 res
489 2023 586 2062 bello
606 2024 718 2060 varias
737 2039 747 2069 ;
777 2023 943 2061 miserere
968 2025 1127 2075 parentis

233 2091 442 2144 Longaevi,
462 2105 571 2142 quem
590 2104 685 2128 nunc
700 2100 879 2128 moestum
895 2091 1012 2141 patria
1028 2092 1158 2129 Ardea
1177 2092 1290 2144 longe

232 2159 392 2200 Dividit.
424 2157 728 2208 Haudquaquam
743 2158 850 2195 dictis
868 2158 1037 2196 violentia
1057 2159 1179 2196 Turni

233 2227 438 2268 Flectitur:
459 2235 657 2278 exsuperat
678 2225 805 2278 magi3‚
821 2226 1075 2279 aegrescitque
1093 2227 1285 2283 medendo.
