1455 2685
212 299 265 339 52
516 297 817 336 AENEIDOS
856 297 947 334 ‘VL
1121 312 1154 334 v.
1173 299 1261 335 521.

215 408 350 447 Infelix
370 408 498 446 habuit
518 409 712 453 thalamus,
732 410 935 459 pressitque
951 411 1133 459 jacentem

213 476 350 515 Dulcis
367 485 403 513 et
424 476 496 512 alta
517 477 630 526 quies,
652 476 886 526 placidaeque
907 475 1083 511 simillima
1101 475 1221 512 morti.

214 541 380 594 Egregia
399 543 532 579 interea
554 545 709 593 conjunx
732 557 828 579 arma
848 542 968 579 omnia
997 542 1105 578 tectis

213 610 386 653 Emovet‚
405 618 443 647 et
464 610 576 646 fidum
597 609 707 659 capiti
728 610 951 646 subduxerat
972 622 1091 646 ensem
1111 624 1120 652 3

212 675 319 713 Intra
337 684 436 712 tecta
455 685 561 713 vocat
582 675 803 719 Menelaum,
823 684 860 713 et
879 674 999 712 limina
1019 675 1144 724 pandit
1161 689 1171 711 ε

213 742 363 779 Scilicet
382 741 419 778 id
437 755 608 793 magnum
629 755 774 792 sperans
794 740 872 778 fore
892 754 1022 778 munus
1042 740 1188 783 amanti,

211 809 268 847 Et
287 808 418 846 famam
438 808 621 859 exstingui
641 819 802 846 veterum
825 808 873 845 sic
894 822 999 858 posse
1019 807 1209 845 malorum.

209 875 313 926 Quid
324 877 466 913 moror?
480 876 683 925 irrumpunt
697 875 875 917 thalam03
890 889 1010 912 comes
1023 874 1168 912 additus
1181 887 1266 918 una,

211 942 400 980 Hortator
418 941 606 985 scelerum,
626 941 815 979 Aeolides.
847 942 917 983 Di,
937 940 1023 977 talia
1045 941 1169 980 Graiis

213 1009 435 1052 Instaurate‚
456 1008 517 1058 pio
538 1008 565 1044 si
587 1021 720 1057 poenas
740 1022 802 1044 ore
830 1021 996 1057 reposco.

217 1075 305 1120 Sed,
326 1084 363 1112 te
385 1075 447 1125 qui
469 1074 585 1111 vivum
606 1088 722 1117 casus,
744 1088 814 1125 age
834 1073 909 1110 fare
929 1074 1096 1118 vicissim,

213 1141 441 1179 Attulerint.
479 1140 652 1192 Pelagine
673 1140 769 1177 venis
789 1141 970 1177 erroribus
990 1150 1107 1184 actus,

210 1208 280 1246 An
299 1208 440 1244 monitu
460 1207 579 1243 divom
599 1208 610 1245 ?
640 1221 682 1243 an
705 1222 796 1257 quae
815 1217 853 1244 te
875 1208 1037 1244 Fortuna
1059 1205 1207 1257 fatigat,

213 1275 273 1313 Ut
292 1274 406 1312 tristis
425 1275 499 1312 sine
519 1275 592 1322 sole
612 1275 753 1316 domos,
782 1274 860 1310 loca
880 1273 1039 1315 turbida,
1061 1272 1200 1309 adires?

265 1342 352 1380 Hae
373 1341 449 1378 vice
469 1355 672 1378 sermonum
693 1341 803 1377 roseis
823 1340 974 1377 Aurora
995 1339 1180 1390 quadrigis

211 1410 294 1447 Jam
313 1409 470 1446 medium
491 1408 650 1445 aetherio
670 1421 776 1445 cursu
797 1409 987 1458 trajecerat
1009 1419 1111 1442 axem
1131 1421 1140 1443 :

211 1474 266 1514 Et
285 1474 360 1511 fors
379 1489 485 1512 omne
505 1475 630 1511 datum
650 1475 834 1511 traherent
857 1488 922 1523 per
941 1472 1026 1509 talia
1047 1482 1191 1522 ternpus
1210 1488 1221 1518 3

213 1541 287 1579 Sed
302 1554 422 1578 comes
437 1541 638 1586 admonuit,
658 1541 888 1589 breviterque
904 1539 1014 1575 affata
1034 1539 1175 1589 Sibylla
1190 1549 1266 1577 est:

211 1606 300 1646 Nox
320 1606 408 1650 ruit,
427 1607 586 1651 Aenea3
617 1620 680 1642 nos
710 1606 830 1642 flendo
851 1605 1016 1642 ducimus
1037 1606 1154 1642 horas.

211 1674 292 1712 Hic
311 1673 414 1711 loeus
434 1682 502 1718 est,
528 1672 642 1723 partis
662 1672 723 1708 ubi
745 1686 780 1709 se
801 1673 855 1708 via
876 1672 983 1709 findit
1004 1673 1037 1708 in
1060 1674 1208 1711 ambas:

210 1743 391 1785 Dextera,
412 1755 504 1790 quae
525 1739 628 1777 Ditis
648 1738 769 1790 magni
791 1739 858 1776 sub
873 1740 1013 1776 moenia
1033 1741 1152 1777 tendit
1171 1756 1182 1786 ;

213 1809 301 1847 Hac
321 1809 393 1846 iter
413 1807 582 1858 Elysium
602 1805 707 1843 nobis
725 1821 734 1843 ε
766 1814 803 1842 at
822 1805 921 1843 laeva
941 1806 1119 1844 malorum

214 1875 378 1914 Exercet
398 1887 544 1924 poenas,
565 1881 601 1910 et
622 1873 667 1909 ad
686 1873 796 1922 impia
817 1872 976 1909 Tartara
996 1873 1125 1911 mittit.

215 1942 442 1992 Deiphobus
461 1948 614 1977 contra:
647 1939 705 1977 Ne
727 1939 834 1983 saevi,
855 1952 984 1989 magna
1005 1940 1196 1986 sacerdos3

213 2007 428 2052 Discedam,
449 2007 604 2057 explebo
625 2020 825 2049 numerum,
847 2006 1048 2056 reddarque
1068 2008 1238 2046 tenebris.

216 2075 237 2113 I
257 2075 380 2118 decus,
399 2073 424 2117 i,
443 2083 606 2110 nostrum
623 2089 634 2118 ;
663 2072 873 2109 melioribus
887 2084 987 2109 utere
1008 2071 1104 2109 fatis.

215 2142 379 2180 Tantum
398 2139 542 2184 effatus,
562 2149 600 2177 et
619 2139 653 2176 in
674 2140 784 2177 verbo
806 2138 955 2190 vestigia
975 2138 1092 2175 torsit.

274 2206 441 2257 Respicit
461 2207 609 2245 Aeneas
629 2207 766 2253 subito,
793 2215 831 2244 et
851 2205 917 2244 sub
938 2219 1026 2256 rupe
1047 2205 1189 2246 sinistra
