1455 2685
211 310 289 347 190
514 306 817 347 AENEIDOS
874 307 951 346 XI.
1119 323 1153 347 v.
1174 312 1263 350 103.

213 420 414 465 Redderet‚
442 433 484 458 ac
503 420 648 458 tumulo
669 420 802 458 sineret
823 421 1015 459 succedere
1034 428 1180 461 terrae:

210 487 364 526 Nullum
383 501 467 525 cum
488 487 594 525 victis
613 495 812 532 certamen,
831 496 869 525 et
888 488 1035 525 aethere
1055 489 1162 527 cassis
1179 504 1191 535 3

208 556 380 593 Parceret
395 555 602 605 hospitibus
618 555 818 605 quondam,
838 555 1059 606 socerisque,
1079 556 1233 594 vocatis.

207 623 312 671 Quos
331 622 449 659 bonus
469 622 632 666 Aeneas,
651 622 751 659 haud
769 623 1017 672 adspernanda
1039 624 1234 673 precantis,

207 689 450 740 Prosequitur
469 689 585 734 venia,
610 697 648 726 et
668 689 784 726 verbis
803 689 892 727 haec
910 689 1057 740 insuper
1074 691 1177 729 addit
1195 706 1205 729 :

206 758 400 806 Quaenam
417 770 480 793 vos
500 765 604 794 tanto
624 755 773 793 fortuna
790 756 953 807 indigna,
973 756 1117 803 Latini,

205 823 396 874 Implicuit
417 823 528 868 bello,
551 823 614 874 qui
633 837 699 860 nos
717 822 869 874 fugiatis
889 823 1024 862 amicos
1042 826 1055 861 ?

203 891 337 929 Pacem
356 905 412 928 me
431 889 617 934 exanimis,
635 899 674 927 et
695 889 831 928 Martis
851 899 948 927 sorte
963 890 1152 940 peremtis,

205 957 358 996 Oratis?
384 958 554 1008 equidem
573 965 612 994 et
633 956 720 994 vivis
740 957 939 995 concedere
958 956 1098 995 vellem.

202 1023 286 1063 Nec
303 1025 395 1070 veni,
414 1024 481 1062 nisi
501 1023 578 1062 fata
597 1023 734 1069 locum,
757 1024 964 1075 sedemque,
986 1025 1170 1063 dedissent
1189 1040 1201 1071 ς

200 1092 282 1130 Nec
301 1091 436 1129 bellum
455 1105 539 1129 cum
560 1099 671 1143 gente
690 1105 805 1143 gero:
828 1106 891 1129 rex
912 1101 1036 1130 nostra
1054 1093 1203 1144 reliquit

199 1159 394 1210 Hospstia,
413 1168 450 1197 et
470 1159 738 1216 Turnipotius
758 1173 794 1196 se
815 1159 971 1197 credidit
991 1160 1110 1199 armis.

199 1226 375 1277 Aequius
394 1225 482 1263 huic
502 1225 674 1263 Turnum
694 1225 812 1263 fuerat
832 1240 869 1263 se
888 1240 1074 1277 opponere
1091 1227 1212 1266 morti.

199 1294 238 1332 Si
258 1293 395 1331 bellum
415 1294 517 1331 finire
536 1307 659 1338 manu,
691 1293 719 1330 si
738 1292 872 1343 pellere
892 1294 1062 1332 Teucros

195 1361 371 1411 Apparat
390 1377 400 1406 ;
430 1361 484 1398 his
505 1375 647 1398 mecum
667 1361 792 1398 decuit
811 1375 1027 1399 concurrere
1047 1361 1127 1399 telis
1146 1377 1157 1400 t

195 1428 323 1472 Vixet‚
344 1427 404 1465 cui
425 1428 534 1465 vitam
554 1428 642 1465 deus
662 1437 724 1464 aut
745 1441 808 1464 sua
827 1428 958 1465 dextra
977 1428 1150 1466 dedisset.

193 1494 306 1533 Nunc
326 1495 390 1539 ite,
410 1504 448 1532 et
468 1495 605 1532 miseris
631 1495 826 1547 supponite
846 1495 986 1532 civibus
1005 1495 1142 1547 ignem.

249 1561 411 1598 Dixerat
430 1561 582 1599 Aeneas
601 1577 610 1600 :
641 1561 704 1599 olli
724 1562 948 1612 obstupuere
969 1561 1112 1599 silentes
1130 1578 1140 1607 ;

192 1630 443 1679 Conversique
461 1629 590 1666 oculos
609 1629 704 1667 inter
723 1642 773 1673 se,
793 1638 904 1679 atque
923 1643 1000 1675 ora,
1020 1630 1208 1668 tenebant.

192 1697 307 1740 Tum,
327 1696 457 1741 senior,
477 1710 691 1746 semperque
711 1696 803 1733 odiis
822 1706 860 1734 et
880 1697 1044 1742 crimine,
1064 1698 1248 1743 DranceS,

193 1763 360 1800 Infensus
375 1762 498 1815 juveni
519 1764 664 1807 Turno,
684 1763 736 1800 sic
755 1777 817 1800 ore
837 1763 993 1801 vicissim

194 1831 289 1868 Orsa
307 1830 418 1867 refert
434 1845 443 1868 :
477 1830 514 1868 O
535 1829 632 1867 fama
650 1830 792 1882 ingens,
813 1830 998 1881 ingentior
1017 1830 1138 1875 armis,

192 1897 261 1934 Vir
280 1897 441 1949 Trojane
460 1900 468 1935 !
494 1897 628 1948 quibus
647 1897 750 1935 coelo
770 1906 808 1935 te
824 1897 993 1935 laudibus
1013 1898 1193 1948 aequem?

190 1964 406 2002 ,lustitiaene
426 1964 525 2015 prius
545 1965 665 2010 mirer,
685 1964 817 2002 belline
836 1964 1031 2003 laborum?

191 2032 270 2070 Nos
291 2045 374 2069 vero
394 2032 483 2069 haec
504 2032 658 2082 patriam
679 2032 777 2083 grati
797 2031 991 2069 referemus
1020 2033 1066 2069 ad
1086 2032 1213 2070 urbem
1229 2047 1242 2079 ;

191 2099 246 2136 Et
265 2108 316 2144 te,
336 2098 363 2136 si
386 2112 456 2150 qua
475 2098 568 2136 viam
588 2098 730 2136 dederit
746 2098 908 2142 fortuna,
929 2099 1069 2136 Latino

190 2166 391 2217 Jungemus
410 2165 500 2217 regi.
531 2166 695 2216 Quaerat
715 2165 782 2203 sibi
801 2165 949 2203 foedera
968 2165 1133 2205 Turnus.

191 2232 291 2282 Quin
309 2241 346 2271 et
366 2232 485 2271 fatalis
503 2246 689 2271 murorum
709 2232 878 2272 attollere
901 2233 1029 2279 moles,
