<?xml version="1.0" encoding="UTF-8"?>
<!DOCTYPE html PUBLIC "-//W3C//DTD XHTML 1.0 Transitional//EN"
    "http://www.w3.org/TR/xhtml1/DTD/xhtml1-transitional.dtd">
<html xmlns="http://www.w3.org/1999/xhtml" xml:lang="en" lang="en">
 <head>
  <title>
</title>
<meta http-equiv="Content-Type" content="text/html;charset=utf-8" />
  <meta name='ocr-system' content='tesseract 3.04.00' />
  <meta name='ocr-capabilities' content='ocr_page ocr_carea ocr_par ocr_line ocrx_word'/>
</head>
<body>
  <div class='ocr_page' id='page_1' title='image "./operahun02virguoft_0195.png"; bbox 0 0 1455 2685; ppageno 0'>
   <div class='ocr_carea' id='block_1_1' title="bbox 139 321 1194 365">
    <p class='ocr_par' dir='ltr' id='par_1_1' title="bbox 139 321 1194 365">
     <span class='ocr_line' id='line_1_1' title="bbox 139 321 1194 365; baseline 0.001 -2"><span class='ocrx_word' id='word_1_1' title='bbox 139 338 171 363; x_wconf 86' lang='lat' dir='ltr'>v.</span> <span class='ocrx_word' id='word_1_2' title='bbox 192 326 255 363; x_wconf 88' lang='lat'>19.</span> <span class='ocrx_word' id='word_1_3' title='bbox 444 321 749 361; x_wconf 89' lang='lat' dir='ltr'>AENEIDOS</span> <span class='ocrx_word' id='word_1_4' title='bbox 806 322 884 361; x_wconf 86' lang='lat' dir='ltr'>XI.</span> <span class='ocrx_word' id='word_1_5' title='bbox 1119 326 1194 365; x_wconf 78' lang='lat'>187</span> 
     </span>
    </p>
   </div>
   <div class='ocr_carea' id='block_1_2' title="bbox 122 433 1186 2298">
    <p class='ocr_par' dir='ltr' id='par_1_2' title="bbox 137 433 1138 621">
     <span class='ocr_line' id='line_1_2' title="bbox 140 433 1138 488; baseline -0.002 -12"><span class='ocrx_word' id='word_1_6' title='bbox 140 437 200 476; x_wconf 93' lang='lat' dir='ltr'>Ne</span> <span class='ocrx_word' id='word_1_7' title='bbox 220 449 293 488; x_wconf 88' lang='lat' dir='ltr'>qua</span> <span class='ocrx_word' id='word_1_8' title='bbox 311 449 411 474; x_wconf 86' lang='lat' dir='ltr'>mora</span> <span class='ocrx_word' id='word_1_9' title='bbox 429 435 589 488; x_wconf 89' lang='lat' dir='ltr'>ignaros,</span> <span class='ocrx_word' id='word_1_10' title='bbox 618 434 682 472; x_wconf 91' lang='lat' dir='ltr'>ubi</span> <span class='ocrx_word' id='word_1_11' title='bbox 701 434 859 486; x_wconf 85' lang='lat' dir='ltr'>primum</span> <span class='ocrx_word' id='word_1_12' title='bbox 887 433 1016 472; x_wconf 86' lang='lat' dir='ltr'>vellere</span> <span class='ocrx_word' id='word_1_13' title='bbox 1035 435 1138 488; x_wconf 86' lang='lat' dir='ltr'>signa</span> 
     </span>
     <span class='ocr_line' id='line_1_3' title="bbox 142 501 1083 553; baseline -0.002 -11"><span class='ocrx_word' id='word_1_14' title='bbox 142 503 357 542; x_wconf 89' lang='lat' dir='ltr'>Annuerint</span> <span class='ocrx_word' id='word_1_15' title='bbox 377 502 511 553; x_wconf 90' lang='lat' dir='ltr'>superi,</span> <span class='ocrx_word' id='word_1_16' title='bbox 539 501 749 552; x_wconf 87' lang='lat' dir='ltr'><strong>pubemque</strong></span> <span class='ocrx_word' id='word_1_17' title='bbox 767 501 921 539; x_wconf 85' lang='lat' dir='ltr'>educere</span> <span class='ocrx_word' id='word_1_18' title='bbox 940 502 1083 548; x_wconf 89' lang='lat' dir='ltr'>castris,</span> 
     </span>
     <span class='ocr_line' id='line_1_4' title="bbox 137 568 1001 621; baseline -0.001 -13"><span class='ocrx_word' id='word_1_19' title='bbox 137 570 336 621; x_wconf 82' lang='lat' dir='ltr'>Impediat,</span> <span class='ocrx_word' id='word_1_20' title='bbox 366 569 529 621; x_wconf 87' lang='lat' dir='ltr'>segnisve</span> <span class='ocrx_word' id='word_1_21' title='bbox 548 576 649 606; x_wconf 92' lang='lat' dir='ltr'>metu</span> <span class='ocrx_word' id='word_1_22' title='bbox 671 568 849 606; x_wconf 87' lang='lat' dir='ltr'>sententia</span> <span class='ocrx_word' id='word_1_23' title='bbox 868 569 1001 607; x_wconf 85' lang='lat' dir='ltr'>tardet.</span> 
     </span>
    </p>

    <p class='ocr_par' dir='ltr' id='par_1_3' title="bbox 130 635 1185 1083">
     <span class='ocr_line' id='line_1_5' title="bbox 134 635 1055 686; baseline -0.001 -12"><span class='ocrx_word' id='word_1_24' title='bbox 134 637 282 674; x_wconf 85' lang='lat' dir='ltr'>Interea</span> <span class='ocrx_word' id='word_1_25' title='bbox 299 636 431 681; x_wconf 87' lang='lat' dir='ltr'>socios,</span> <span class='ocrx_word' id='word_1_26' title='bbox 459 635 721 686; x_wconf 83' lang='lat' dir='ltr'>inhumataque</span> <span class='ocrx_word' id='word_1_27' title='bbox 741 649 910 686; x_wconf 85' lang='lat' dir='ltr'>corpora,</span> <span class='ocrx_word' id='word_1_28' title='bbox 938 645 1055 674; x_wconf 84' lang='lat' dir='ltr'>terrae</span> 
     </span>
     <span class='ocr_line' id='line_1_6' title="bbox 134 702 1185 753; baseline 0 -12"><span class='ocrx_word' id='word_1_29' title='bbox 134 703 353 742; x_wconf 87' lang='lat' dir='ltr'>Mandemus</span> <span class='ocrx_word' id='word_1_30' title='bbox 369 718 380 749; x_wconf 83' lang='lat'>3</span> <span class='ocrx_word' id='word_1_31' title='bbox 395 702 458 753; x_wconf 92' lang='lat' dir='ltr'>qui</span> <span class='ocrx_word' id='word_1_32' title='bbox 471 702 569 740; x_wconf 88' lang='lat' dir='ltr'>solus</span> <span class='ocrx_word' id='word_1_33' title='bbox 583 702 700 740; x_wconf 87' lang='lat' dir='ltr'>honos</span> <span class='ocrx_word' id='word_1_34' title='bbox 714 702 934 740; x_wconf 87' lang='lat' dir='ltr'>Acheronte</span> <span class='ocrx_word' id='word_1_35' title='bbox 947 703 1014 740; x_wconf 90' lang='lat' dir='ltr'>sub</span> <span class='ocrx_word' id='word_1_36' title='bbox 1030 703 1103 740; x_wconf 91' lang='lat' dir='ltr'>imo</span> <span class='ocrx_word' id='word_1_37' title='bbox 1117 711 1185 741; x_wconf 86' lang='lat' dir='ltr'>est.</span> 
     </span>
     <span class='ocr_line' id='line_1_7' title="bbox 134 769 1102 822; baseline 0 -14"><span class='ocrx_word' id='word_1_38' title='bbox 134 770 207 815; x_wconf 88' lang='lat' dir='ltr'>Ite,</span> <span class='ocrx_word' id='word_1_39' title='bbox 236 770 286 808; x_wconf 87' lang='lat' dir='ltr'>ait</span> <span class='ocrx_word' id='word_1_40' title='bbox 303 786 314 817; x_wconf 68' lang='grc' dir='ltr'><strong><em>ς</em></strong></span> <span class='ocrx_word' id='word_1_41' title='bbox 334 769 502 822; x_wconf 85' lang='lat' dir='ltr'>egregias</span> <span class='ocrx_word' id='word_1_42' title='bbox 520 772 670 814; x_wconf 88' lang='lat' dir='ltr'>animas,</span> <span class='ocrx_word' id='word_1_43' title='bbox 690 784 783 821; x_wconf 88' lang='lat' dir='ltr'>quae</span> <span class='ocrx_word' id='word_1_44' title='bbox 804 770 977 822; x_wconf 84' lang='lat' dir='ltr'>sanguine</span> <span class='ocrx_word' id='word_1_45' title='bbox 997 770 1102 808; x_wconf 88' lang='lat' dir='ltr'>nobis</span> 
     </span>
     <span class='ocr_line' id='line_1_8' title="bbox 133 836 1118 888; baseline 0 -13"><span class='ocrx_word' id='word_1_46' title='bbox 133 836 246 875; x_wconf 86' lang='lat' dir='ltr'>Hanc</span> <span class='ocrx_word' id='word_1_47' title='bbox 266 837 422 888; x_wconf 87' lang='lat' dir='ltr'>patriam</span> <span class='ocrx_word' id='word_1_48' title='bbox 443 851 616 888; x_wconf 85' lang='lat' dir='ltr'>peperere</span> <span class='ocrx_word' id='word_1_49' title='bbox 636 851 717 883; x_wconf 90' lang='lat' dir='ltr'>suo,</span> <span class='ocrx_word' id='word_1_50' title='bbox 747 838 921 875; x_wconf 89' lang='lat' dir='ltr'>decorate</span> <span class='ocrx_word' id='word_1_51' title='bbox 940 837 1118 888; x_wconf 83' lang='lat' dir='ltr'>supremis</span> 
     </span>
     <span class='ocr_line' id='line_1_9' title="bbox 132 904 1185 956; baseline -0.002 -13"><span class='ocrx_word' id='word_1_52' title='bbox 132 904 351 943; x_wconf 87' lang='lat' dir='ltr'>Muneribus</span> <span class='ocrx_word' id='word_1_53' title='bbox 367 919 378 943; x_wconf 73' lang='lat' dir='ltr'><strong><em>z</em></strong></span> <span class='ocrx_word' id='word_1_54' title='bbox 400 914 650 956; x_wconf 90' lang='lat' dir='ltr'>moestamque</span> <span class='ocrx_word' id='word_1_55' title='bbox 663 905 825 943; x_wconf 89' lang='lat' dir='ltr'>Evandri</span> <span class='ocrx_word' id='word_1_56' title='bbox 840 905 979 955; x_wconf 92' lang='lat' dir='ltr'>primus</span> <span class='ocrx_word' id='word_1_57' title='bbox 994 905 1041 942; x_wconf 83' lang='lat' dir='ltr'>ad</span> <span class='ocrx_word' id='word_1_58' title='bbox 1056 905 1185 941; x_wconf 88' lang='lat' dir='ltr'>urbem</span> 
     </span>
     <span class='ocr_line' id='line_1_10' title="bbox 131 971 1075 1024; baseline -0.001 -14"><span class='ocrx_word' id='word_1_59' title='bbox 131 971 312 1010; x_wconf 83' lang='lat' dir='ltr'>Mittatur</span> <span class='ocrx_word' id='word_1_60' title='bbox 332 972 464 1017; x_wconf 81' lang='lat' dir='ltr'>Pallas,</span> <span class='ocrx_word' id='word_1_61' title='bbox 485 986 608 1023; x_wconf 85' lang='lat' dir='ltr'>quem,</span> <span class='ocrx_word' id='word_1_62' title='bbox 630 985 703 1010; x_wconf 89' lang='lat' dir='ltr'>non</span> <span class='ocrx_word' id='word_1_63' title='bbox 722 972 869 1010; x_wconf 87' lang='lat' dir='ltr'>virtutis</span> <span class='ocrx_word' id='word_1_64' title='bbox 888 980 1075 1024; x_wconf 87' lang='lat' dir='ltr'>egentem,</span> 
     </span>
     <span class='ocr_line' id='line_1_11' title="bbox 130 1038 1043 1083; baseline 0 -6"><span class='ocrx_word' id='word_1_65' title='bbox 130 1038 308 1077; x_wconf 87' lang='lat' dir='ltr'>Abstulit</span> <span class='ocrx_word' id='word_1_66' title='bbox 326 1047 405 1077; x_wconf 85' lang='lat' dir='ltr'>atra</span> <span class='ocrx_word' id='word_1_67' title='bbox 424 1039 514 1083; x_wconf 82' lang='lat' dir='ltr'>dies,</span> <span class='ocrx_word' id='word_1_68' title='bbox 542 1048 581 1077; x_wconf 89' lang='lat' dir='ltr'>et</span> <span class='ocrx_word' id='word_1_69' title='bbox 600 1039 728 1077; x_wconf 87' lang='lat' dir='ltr'>funere</span> <span class='ocrx_word' id='word_1_70' title='bbox 747 1040 870 1077; x_wconf 84' lang='lat' dir='ltr'>mersit</span> <span class='ocrx_word' id='word_1_71' title='bbox 892 1041 1043 1078; x_wconf 85' lang='lat' dir='ltr'>acerbo.</span> 
     </span>
    </p>

    <p class='ocr_par' dir='ltr' id='par_1_4' title="bbox 127 1106 1186 1560">
     <span class='ocr_line' id='line_1_12' title="bbox 169 1106 1186 1159; baseline -0.001 -14"><span class='ocrx_word' id='word_1_72' title='bbox 169 1107 232 1145; x_wconf 90' lang='lat' dir='ltr'>Sic</span> <span class='ocrx_word' id='word_1_73' title='bbox 252 1107 301 1144; x_wconf 90' lang='lat' dir='ltr'>ait</span> <span class='ocrx_word' id='word_1_74' title='bbox 316 1106 557 1152; x_wconf 75' lang='lat' dir='ltr'>illacriman33</span> <span class='ocrx_word' id='word_1_75' title='bbox 580 1106 783 1156; x_wconf 85' lang='lat' dir='ltr'>recipitque</span> <span class='ocrx_word' id='word_1_76' title='bbox 803 1107 849 1143; x_wconf 86' lang='lat' dir='ltr'>ad</span> <span class='ocrx_word' id='word_1_77' title='bbox 868 1106 990 1144; x_wconf 87' lang='lat' dir='ltr'>limina</span> <span class='ocrx_word' id='word_1_78' title='bbox 1005 1119 1186 1159; x_wconf 76' lang='lat' dir='ltr'>gressum,</span> 
     </span>
     <span class='ocr_line' id='line_1_13' title="bbox 134 1173 1104 1224; baseline 0 -12"><span class='ocrx_word' id='word_1_79' title='bbox 134 1173 281 1224; x_wconf 86' lang='lat' dir='ltr'>Corpus</span> <span class='ocrx_word' id='word_1_80' title='bbox 301 1173 363 1211; x_wconf 90' lang='lat' dir='ltr'>ubi</span> <span class='ocrx_word' id='word_1_81' title='bbox 383 1173 540 1211; x_wconf 83' lang='lat' dir='ltr'>exanimi</span> <span class='ocrx_word' id='word_1_82' title='bbox 559 1173 722 1223; x_wconf 89' lang='lat' dir='ltr'>positum</span> <span class='ocrx_word' id='word_1_83' title='bbox 741 1173 917 1211; x_wconf 88' lang='lat' dir='ltr'>Pallantis</span> <span class='ocrx_word' id='word_1_84' title='bbox 936 1173 1104 1212; x_wconf 87' lang='lat' dir='ltr'>Acoetes</span> 
     </span>
     <span class='ocr_line' id='line_1_14' title="bbox 136 1239 965 1290; baseline -0.001 -11"><span class='ocrx_word' id='word_1_85' title='bbox 136 1241 315 1279; x_wconf 80' lang='lat' dir='ltr'>Servabat</span> <span class='ocrx_word' id='word_1_86' title='bbox 334 1240 465 1284; x_wconf 88' lang='lat' dir='ltr'>senior,</span> <span class='ocrx_word' id='word_1_87' title='bbox 494 1239 556 1290; x_wconf 94' lang='lat' dir='ltr'>qui</span> <span class='ocrx_word' id='word_1_88' title='bbox 577 1240 769 1278; x_wconf 86' lang='lat' dir='ltr'>Parrhasio</span> <span class='ocrx_word' id='word_1_89' title='bbox 791 1240 965 1278; x_wconf 88' lang='lat' dir='ltr'>Evandro</span> 
     </span>
     <span class='ocr_line' id='line_1_15' title="bbox 128 1306 1032 1358; baseline 0.001 -14"><span class='ocrx_word' id='word_1_90' title='bbox 128 1307 310 1358; x_wconf 87' lang='lat' dir='ltr'>Armiger</span> <span class='ocrx_word' id='word_1_91' title='bbox 329 1316 413 1344; x_wconf 86' lang='lat' dir='ltr'>ante</span> <span class='ocrx_word' id='word_1_92' title='bbox 433 1306 531 1353; x_wconf 80' lang='lat' dir='ltr'>fuit3</span> <span class='ocrx_word' id='word_1_93' title='bbox 553 1307 616 1345; x_wconf 89' lang='lat' dir='ltr'>sed</span> <span class='ocrx_word' id='word_1_94' title='bbox 637 1321 707 1344; x_wconf 89' lang='lat' dir='ltr'>non</span> <span class='ocrx_word' id='word_1_95' title='bbox 728 1306 896 1345; x_wconf 89' lang='lat' dir='ltr'>felicibus</span> <span class='ocrx_word' id='word_1_96' title='bbox 916 1321 1032 1358; x_wconf 88' lang='lat' dir='ltr'>aeque</span> 
     </span>
     <span class='ocr_line' id='line_1_16' title="bbox 128 1374 1063 1424; baseline 0.002 -13"><span class='ocrx_word' id='word_1_97' title='bbox 128 1374 229 1412; x_wconf 90' lang='lat' dir='ltr'>Tum</span> <span class='ocrx_word' id='word_1_98' title='bbox 243 1387 365 1411; x_wconf 86' lang='lat' dir='ltr'>comes</span> <span class='ocrx_word' id='word_1_99' title='bbox 385 1374 554 1424; x_wconf 82' lang='lat' dir='ltr'>auspiciis</span> <span class='ocrx_word' id='word_1_100' title='bbox 573 1387 658 1411; x_wconf 90' lang='lat' dir='ltr'>caro</span> <span class='ocrx_word' id='word_1_101' title='bbox 678 1374 786 1411; x_wconf 78' lang='lat' dir='ltr'>datus</span> <span class='ocrx_word' id='word_1_102' title='bbox 807 1375 885 1412; x_wconf 88' lang='lat' dir='ltr'>ibat</span> <span class='ocrx_word' id='word_1_103' title='bbox 904 1374 1063 1413; x_wconf 83' lang='lat' dir='ltr'>alumno.</span> 
     </span>
     <span class='ocr_line' id='line_1_17' title="bbox 127 1435 1182 1493; baseline 0 -15"><span class='ocrx_word' id='word_1_104' title='bbox 127 1439 277 1479; x_wconf 87' lang='lat' dir='ltr'>Circum</span> <span class='ocrx_word' id='word_1_105' title='bbox 291 1440 408 1478; x_wconf 88' lang='lat' dir='ltr'>omnis</span> <span class='ocrx_word' id='word_1_106' title='bbox 423 1435 673 1491; x_wconf 74' lang='lat' dir='ltr'>famulumque</span> <span class='ocrx_word' id='word_1_107' title='bbox 689 1454 830 1486; x_wconf 89' lang='lat' dir='ltr'>manus,</span> <span class='ocrx_word' id='word_1_108' title='bbox 850 1441 1088 1493; x_wconf 88' lang='lat' dir='ltr'>Trojanaque</span> <span class='ocrx_word' id='word_1_109' title='bbox 1104 1449 1182 1478; x_wconf 87' lang='lat' dir='ltr'>tur-</span> 
     </span>
     <span class='ocr_line' id='line_1_18' title="bbox 128 1507 1180 1560; baseline 0.001 -16"><span class='ocrx_word' id='word_1_110' title='bbox 128 1507 181 1544; x_wconf 85' lang='lat' dir='ltr'>Et</span> <span class='ocrx_word' id='word_1_111' title='bbox 201 1516 383 1546; x_wconf 88' lang='lat' dir='ltr'>moestum</span> <span class='ocrx_word' id='word_1_112' title='bbox 407 1508 541 1545; x_wconf 86' lang='lat' dir='ltr'>Iliades</span> <span class='ocrx_word' id='word_1_113' title='bbox 561 1508 696 1546; x_wconf 90' lang='lat' dir='ltr'>crinem</span> <span class='ocrx_word' id='word_1_114' title='bbox 717 1508 761 1546; x_wconf 90' lang='lat' dir='ltr'>de</span> <span class='ocrx_word' id='word_1_115' title='bbox 781 1522 880 1546; x_wconf 86' lang='lat' dir='ltr'>more</span> <span class='ocrx_word' id='word_1_116' title='bbox 901 1508 1054 1546; x_wconf 85' lang='lat' dir='ltr'>solutae.</span> <span class='ocrx_word' id='word_1_117' title='bbox 1093 1508 1180 1560; x_wconf 82' lang='lat' dir='ltr'>[ba,</span> 
     </span>
    </p>

    <p class='ocr_par' dir='ltr' id='par_1_5' title="bbox 126 1574 1043 1761">
     <span class='ocr_line' id='line_1_19' title="bbox 181 1574 1029 1622; baseline 0.001 -10"><span class='ocrx_word' id='word_1_118' title='bbox 181 1575 239 1612; x_wconf 90' lang='lat' dir='ltr'>Ut</span> <span class='ocrx_word' id='word_1_119' title='bbox 259 1589 342 1612; x_wconf 90' lang='lat' dir='ltr'>vero</span> <span class='ocrx_word' id='word_1_120' title='bbox 362 1576 511 1614; x_wconf 89' lang='lat' dir='ltr'>Aeneas</span> <span class='ocrx_word' id='word_1_121' title='bbox 532 1574 674 1613; x_wconf 86' lang='lat' dir='ltr'>foribus</span> <span class='ocrx_word' id='word_1_122' title='bbox 695 1589 770 1613; x_wconf 83' lang='lat' dir='ltr'>sese</span> <span class='ocrx_word' id='word_1_123' title='bbox 790 1575 913 1613; x_wconf 89' lang='lat' dir='ltr'>intulit</span> <span class='ocrx_word' id='word_1_124' title='bbox 933 1576 1029 1622; x_wconf 89' lang='lat' dir='ltr'>altis,</span> 
     </span>
     <span class='ocr_line' id='line_1_20' title="bbox 127 1641 1020 1694; baseline 0 -14"><span class='ocrx_word' id='word_1_125' title='bbox 127 1643 322 1694; x_wconf 88' lang='lat' dir='ltr'>Ingentem</span> <span class='ocrx_word' id='word_1_126' title='bbox 343 1641 522 1693; x_wconf 87' lang='lat' dir='ltr'>gemitum</span> <span class='ocrx_word' id='word_1_127' title='bbox 543 1642 658 1679; x_wconf 86' lang='lat' dir='ltr'>tunsis</span> <span class='ocrx_word' id='word_1_128' title='bbox 678 1642 724 1679; x_wconf 82' lang='lat' dir='ltr'>ad</span> <span class='ocrx_word' id='word_1_129' title='bbox 745 1641 862 1679; x_wconf 88' lang='lat' dir='ltr'>sidera</span> <span class='ocrx_word' id='word_1_130' title='bbox 882 1642 1020 1680; x_wconf 89' lang='lat' dir='ltr'>tollunt</span> 
     </span>
     <span class='ocr_line' id='line_1_21' title="bbox 126 1709 1043 1761; baseline -0.001 -13"><span class='ocrx_word' id='word_1_131' title='bbox 126 1709 361 1754; x_wconf 87' lang='lat' dir='ltr'>Pectoribus,</span> <span class='ocrx_word' id='word_1_132' title='bbox 381 1718 599 1759; x_wconf 89' lang='lat' dir='ltr'>moestoque</span> <span class='ocrx_word' id='word_1_133' title='bbox 617 1709 789 1760; x_wconf 88' lang='lat' dir='ltr'>immugit</span> <span class='ocrx_word' id='word_1_134' title='bbox 808 1709 908 1761; x_wconf 79' lang='lat' dir='ltr'>regia</span> <span class='ocrx_word' id='word_1_135' title='bbox 925 1709 1043 1748; x_wconf 86' lang='lat' dir='ltr'>luctu.</span> 
     </span>
    </p>

    <p class='ocr_par' dir='ltr' id='par_1_6' title="bbox 125 1775 985 1827">
     <span class='ocr_line' id='line_1_22' title="bbox 125 1775 985 1827; baseline 0 -13"><span class='ocrx_word' id='word_1_136' title='bbox 125 1776 226 1827; x_wconf 80' lang='lat' dir='ltr'>Ipse,</span> <span class='ocrx_word' id='word_1_137' title='bbox 255 1784 370 1827; x_wconf 87' lang='lat' dir='ltr'>caput</span> <span class='ocrx_word' id='word_1_138' title='bbox 390 1776 483 1814; x_wconf 89' lang='lat' dir='ltr'>nivei</span> <span class='ocrx_word' id='word_1_139' title='bbox 502 1775 639 1814; x_wconf 85' lang='lat' dir='ltr'>fultum</span> <span class='ocrx_word' id='word_1_140' title='bbox 660 1775 835 1814; x_wconf 88' lang='lat' dir='ltr'>Pallantis</span> <span class='ocrx_word' id='word_1_141' title='bbox 862 1785 901 1814; x_wconf 90' lang='lat' dir='ltr'>et</span> <span class='ocrx_word' id='word_1_142' title='bbox 920 1790 985 1814; x_wconf 87' lang='lat' dir='ltr'>ora</span> 
     </span>
    </p>

    <p class='ocr_par' dir='ltr' id='par_1_7' title="bbox 122 1842 1152 2096">
     <span class='ocr_line' id='line_1_23' title="bbox 124 1842 1006 1894; baseline -0.002 -12"><span class='ocrx_word' id='word_1_143' title='bbox 124 1844 184 1882; x_wconf 92' lang='lat' dir='ltr'>Ut</span> <span class='ocrx_word' id='word_1_144' title='bbox 204 1842 310 1887; x_wconf 88' lang='lat' dir='ltr'>vidit,</span> <span class='ocrx_word' id='word_1_145' title='bbox 338 1842 481 1894; x_wconf 89' lang='lat' dir='ltr'>levique</span> <span class='ocrx_word' id='word_1_146' title='bbox 502 1852 630 1893; x_wconf 87' lang='lat' dir='ltr'>patens</span> <span class='ocrx_word' id='word_1_147' title='bbox 649 1842 684 1880; x_wconf 91' lang='lat' dir='ltr'>in</span> <span class='ocrx_word' id='word_1_148' title='bbox 705 1851 857 1893; x_wconf 82' lang='lat' dir='ltr'>pectore</span> <span class='ocrx_word' id='word_1_149' title='bbox 876 1842 1006 1880; x_wconf 85' lang='lat' dir='ltr'>volnus</span> 
     </span>
     <span class='ocr_line' id='line_1_24' title="bbox 122 1909 1050 1960; baseline -0.004 -10"><span class='ocrx_word' id='word_1_150' title='bbox 122 1909 296 1960; x_wconf 83' lang='lat' dir='ltr'>Cuspidis</span> <span class='ocrx_word' id='word_1_151' title='bbox 309 1910 514 1955; x_wconf 87' lang='lat' dir='ltr'>Ausoniae,</span> <span class='ocrx_word' id='word_1_152' title='bbox 530 1910 689 1948; x_wconf 85' lang='lat' dir='ltr'>lacrimis</span> <span class='ocrx_word' id='word_1_153' title='bbox 704 1910 756 1947; x_wconf 90' lang='lat' dir='ltr'>ita</span> <span class='ocrx_word' id='word_1_154' title='bbox 772 1909 871 1948; x_wconf 85' lang='lat' dir='ltr'>fatur</span> <span class='ocrx_word' id='word_1_155' title='bbox 885 1909 1028 1948; x_wconf 87' lang='lat' dir='ltr'>obortis</span> <span class='ocrx_word' id='word_1_156' title='bbox 1038 1924 1050 1947; x_wconf 72' lang='grc' dir='ltr'><strong>ε</strong></span> 
     </span>
     <span class='ocr_line' id='line_1_25' title="bbox 123 1973 1152 2029; baseline -0.001 -15"><span class='ocrx_word' id='word_1_157' title='bbox 123 1977 241 2022; x_wconf 90' lang='lat' dir='ltr'>Tene,</span> <span class='ocrx_word' id='word_1_158' title='bbox 272 1977 404 2028; x_wconf 90' lang='lat' dir='ltr'>inquit,</span> <span class='ocrx_word' id='word_1_159' title='bbox 434 1977 635 2015; x_wconf 86' lang='lat' dir='ltr'>miserande</span> <span class='ocrx_word' id='word_1_160' title='bbox 654 1991 760 2029; x_wconf 91' lang='lat' dir='ltr'>puer,</span> <span class='ocrx_word' id='word_1_161' title='bbox 780 1991 866 2014; x_wconf 90' lang='lat' dir='ltr'>cum</span> <span class='ocrx_word' id='word_1_162' title='bbox 885 1976 981 2014; x_wconf 82' lang='lat' dir='ltr'>laeta</span> <span class='ocrx_word' id='word_1_163' title='bbox 1001 1973 1152 2020; x_wconf 86' lang='lat' dir='ltr'>veniret,</span> 
     </span>
     <span class='ocr_line' id='line_1_26' title="bbox 122 2044 917 2096; baseline -0.001 -14"><span class='ocrx_word' id='word_1_164' title='bbox 122 2044 260 2082; x_wconf 91' lang='lat' dir='ltr'>Invidit</span> <span class='ocrx_word' id='word_1_165' title='bbox 281 2045 445 2083; x_wconf 87' lang='lat' dir='ltr'>Fortuna</span> <span class='ocrx_word' id='word_1_166' title='bbox 465 2044 566 2089; x_wconf 89' lang='lat' dir='ltr'>mihi,</span> <span class='ocrx_word' id='word_1_167' title='bbox 582 2058 625 2082; x_wconf 84' lang='lat' dir='ltr'>ne</span> <span class='ocrx_word' id='word_1_168' title='bbox 645 2057 758 2096; x_wconf 85' lang='lat' dir='ltr'>regna</span> <span class='ocrx_word' id='word_1_169' title='bbox 777 2044 917 2081; x_wconf 88' lang='lat' dir='ltr'>videres</span> 
     </span>
    </p>

    <p class='ocr_par' dir='ltr' id='par_1_8' title="bbox 123 2108 1153 2298">
     <span class='ocr_line' id='line_1_27' title="bbox 123 2108 1153 2162; baseline -0.003 -13"><span class='ocrx_word' id='word_1_170' title='bbox 123 2110 275 2155; x_wconf 86' lang='lat' dir='ltr'>Nostra,</span> <span class='ocrx_word' id='word_1_171' title='bbox 305 2124 422 2162; x_wconf 90' lang='lat' dir='ltr'>neque</span> <span class='ocrx_word' id='word_1_172' title='bbox 441 2111 488 2148; x_wconf 91' lang='lat' dir='ltr'>ad</span> <span class='ocrx_word' id='word_1_173' title='bbox 507 2111 609 2149; x_wconf 86' lang='lat' dir='ltr'>sedes</span> <span class='ocrx_word' id='word_1_174' title='bbox 627 2111 746 2149; x_wconf 88' lang='lat' dir='ltr'>victor</span> <span class='ocrx_word' id='word_1_175' title='bbox 764 2111 933 2149; x_wconf 87' lang='lat' dir='ltr'>veherere</span> <span class='ocrx_word' id='word_1_176' title='bbox 953 2118 1123 2162; x_wconf 85' lang='lat' dir='ltr'>paternas</span> <span class='ocrx_word' id='word_1_177' title='bbox 1140 2108 1153 2146; x_wconf 72' lang='grc' dir='ltr'><strong><em>ἓ</em></strong></span> 
     </span>
     <span class='ocr_line' id='line_1_28' title="bbox 124 2177 996 2229; baseline -0.002 -13"><span class='ocrx_word' id='word_1_178' title='bbox 124 2177 211 2216; x_wconf 94' lang='lat' dir='ltr'>Non</span> <span class='ocrx_word' id='word_1_179' title='bbox 231 2177 320 2216; x_wconf 85' lang='lat' dir='ltr'>haec</span> <span class='ocrx_word' id='word_1_180' title='bbox 342 2178 516 2216; x_wconf 82' lang='lat' dir='ltr'>Evandro</span> <span class='ocrx_word' id='word_1_181' title='bbox 535 2179 581 2216; x_wconf 85' lang='lat' dir='ltr'>de</span> <span class='ocrx_word' id='word_1_182' title='bbox 600 2187 638 2216; x_wconf 90' lang='lat' dir='ltr'>te</span> <span class='ocrx_word' id='word_1_183' title='bbox 658 2178 836 2229; x_wconf 86' lang='lat' dir='ltr'>promissa</span> <span class='ocrx_word' id='word_1_184' title='bbox 855 2177 996 2229; x_wconf 86' lang='lat' dir='ltr'>parenti</span> 
     </span>
     <span class='ocr_line' id='line_1_29' title="bbox 123 2243 1146 2298; baseline -0.002 -16"><span class='ocrx_word' id='word_1_185' title='bbox 123 2243 328 2284; x_wconf 84' lang='lat' dir='ltr'>Discedens</span> <span class='ocrx_word' id='word_1_186' title='bbox 347 2245 531 2292; x_wconf 82' lang='lat' dir='ltr'>dederam,</span> <span class='ocrx_word' id='word_1_187' title='bbox 558 2259 657 2292; x_wconf 90' lang='lat' dir='ltr'>cum,</span> <span class='ocrx_word' id='word_1_188' title='bbox 677 2260 733 2283; x_wconf 90' lang='lat' dir='ltr'>me</span> <span class='ocrx_word' id='word_1_189' title='bbox 753 2244 969 2298; x_wconf 83' lang='lat' dir='ltr'>complexus</span> <span class='ocrx_word' id='word_1_190' title='bbox 986 2252 1146 2287; x_wconf 84' lang='lat' dir='ltr'>euntem,</span> 
     </span>
    </p>
   </div>
   <div class='ocr_carea' id='block_1_3' title="bbox 577 2313 724 2352">
    <p class='ocr_par' dir='ltr' id='par_1_9' title="bbox 577 2313 724 2352">
     <span class='ocr_line' id='line_1_30' title="bbox 577 2313 724 2352; baseline -0.014 0"><span class='ocrx_word' id='word_1_191' title='bbox 577 2313 724 2352; x_wconf 83' lang='lat' dir='ltr'>Aa2</span> 
     </span>
    </p>
   </div>
  </div>
 </body>
</html>
