1455 2685
198 304 341 342 v.521.
519 301 822 340 AENEIDOS
879 304 978 341 VII.
1201 307 1250 342 35

203 414 379 452 Indomiti
399 414 580 466 agricolae
597 429 607 453 ;
640 429 704 452 nec
726 428 797 451 non
816 422 852 451 ct
875 414 992 451 Tro'i'a
1013 415 1127 466 pubes

203 481 369 518 Ascanio
390 481 562 518 auxilium
582 481 707 518 castris
725 480 880 518 effundit
900 482 1047 531 apertis,

203 548 386 586 Direxere
407 549 512 585 acies.
546 550 630 586 Non
645 551 720 599 jam
740 548 934 585 certamine
959 548 1095 598 agresti

204 615 404 664 stipitibus
423 615 521 651 duris
541 615 675 665 agitur,
705 614 895 651 sudibusve
916 614 1120 664 praeustis;

205 681 280 720 Sed
302 681 396 720 ferro
416 681 566 731 ancipiti
586 682 799 725 decernunt,
827 690 976 731 atraque
996 682 1068 718 late

201 748 400 787 Horrescit
421 748 559 786 strictis
579 762 682 799 seges
701 748 858 792 ensibus,
884 762 1036 798 aeraque
1056 748 1200 800 fulgent

204 815 290 854 Sole
309 815 488 860 lacessita,
505 824 544 852 et
563 814 681 852 lucem
702 815 769 852 sub
789 815 911 852 nubila
925 825 1065 867 jactant
1084 831 1092 852 ε

205 881 361 920 Fluctus
382 883 434 920 nti
456 881 571 932 primo
591 881 713 932 coepit
732 896 843 933 quum
865 883 1046 920 albescere
1069 894 1190 930 vento,

203 950 399 988 Paullatim
420 964 495 987 sese
515 950 612 987 tollit
632 963 741 994 mare,
771 958 807 986 et
828 949 934 987 altius
955 951 1068 988 undas

202 1017 329 1069 Erigit
348 1033 359 1063 ς
388 1017 471 1054 inde
490 1018 562 1054 imo
582 1016 773 1067 consurgit
794 1017 839 1053 ad
854 1017 999 1054 aethera
1019 1018 1145 1055 fundo.

249 1083 495 1136 Hicjuvenis‚
512 1084 663 1135 primam
678 1092 761 1120 ante
774 1084 899 1128 aciem,
916 1084 1089 1121 stridente
1106 1084 1253 1136 sagitta,

200 1150 386 1188 Natorum
407 1149 569 1200 Tyrrhei
591 1149 709 1186 fuerat
730 1151 792 1200 qui
813 1151 1002 1195 maximus,
1029 1151 1145 1188 Almo

201 1216 387 1254 Sternitur
403 1232 413 1262 3
446 1216 561 1252 haesit
576 1216 669 1252 enim
688 1217 754 1253 sub
775 1225 928 1267 gutture
949 1217 1089 1261 volnus,
1109 1227 1146 1255 et
1162 1218 1254 1256 udae

198 1283 314 1336 Vocis
334 1283 403 1320 iter
421 1292 640 1332 tenuemque
662 1281 804 1319 inclusit
825 1284 1000 1334 sanguine
1020 1287 1144 1323 vitam.

199 1352 367 1401 Corpora
387 1349 502 1387 multa
522 1350 635 1386 virsim
655 1349 764 1392 circa,
794 1350 983 1401 seniorque
1010 1351 1201 1397 Galaesus,

200 1417 307 1456 Dum
327 1417 407 1467 paci
429 1414 587 1454 medium
607 1430 643 1452 se
663 1415 796 1461 offert3
821 1417 1040 1467 justissimus
1058 1432 1148 1455 unus

199 1483 276 1534 Qui
295 1482 382 1528 fuit,
411 1483 664 1532 Ausoniisque
683 1482 769 1519 olim
789 1483 985 1520 ditissimus
1005 1485 1121 1521 arvis:

203 1548 380 1599 Quinque
399 1563 531 1601 greges
550 1549 600 1586 illi
621 1549 820 1593 balantum,
840 1550 950 1600 quina
970 1551 1135 1588 redibant

198 1617 396 1662 Armenta,
416 1626 454 1654 et
475 1627 606 1654 terram
626 1626 774 1654 centum
795 1618 958 1654 vertebat
979 1619 1119 1656 aratris.

250 1684 388 1734 Atque
406 1697 448 1722 ea
460 1698 526 1734 per
537 1698 682 1736 campos
695 1698 810 1734 aequo
824 1684 911 1721 dum
927 1684 1051 1722 Marte
1065 1696 1254 1736 geruntur,

199 1751 370 1794 Promissi
389 1752 456 1788 dea
474 1751 572 1789 facta
591 1761 736 1802 potens,
758 1752 817 1789 ubi
839 1753 1013 1804 sanguine
1032 1754 1168 1791 bellum

199 1820 354 1864 Imbuit‚
375 1831 411 1857 et
432 1819 567 1870 primae
588 1819 768 1856 commisit
790 1819 915 1856 funera
933 1835 1094 1872 pugnae,

196 1885 349 1924 Deserit
372 1886 604 1936 Hesperiam,
633 1896 684 1930 et,
704 1886 800 1923 coeli
820 1901 980 1924 convexa
1000 1903 1065 1938 per
1084 1901 1199 1934 auras,

195 1953 373 1991 Junonem
394 1953 523 1990 victrix
545 1953 678 1990 affatur
698 1968 785 1991 voce
806 1956 961 2004 superba
979 1971 988 1992 :

197 2017 258 2057 En
277 2022 285 2056 !
318 2018 484 2070 perfecta
511 2019 578 2056 tibi
598 2019 695 2057 bello
715 2020 895 2057 discordia
918 2022 1036 2060 tristi:

197 2085 289 2130 Die,
308 2085 343 2122 in
364 2086 558 2123 amicitiam
578 2089 722 2131 coeant,
751 2097 788 2124 et
809 2087 957 2125 foedera
970 2092 1141 2140 jungant.

197 2153 506 2205 Quandoquidem
528 2154 700 2192 Ausonio
716 2156 868 2205 respersi
883 2157 1054 2207 sanguine
1070 2157 1251 2204 Teucros,

198 2218 288 2259 Hoc
307 2222 416 2260 etiam
437 2222 492 2259 his
511 2222 641 2260 addam
660 2238 669 2261 :
699 2231 762 2260 tua
798 2223 825 2260 si
845 2223 932 2263 mihi
953 2233 1051 2261 certa
1071 2224 1251 2269 voluntas,
