1455 2685
185 332 222 356 v.·
237 319 327 357 691.
477 312 780 354 AENEIDOS
839 311 962 353 Vm.
1161 317 1231 352 121

182 428 278 466 Alta
299 437 431 479 petunt
448 442 458 465 t
488 427 621 479 pelago
641 427 766 464 credas
781 425 902 462 innare
919 424 1072 463 revolsas

181 495 378 545 Cycladas,
407 503 470 531 aut
489 494 622 531 montis
641 505 858 530 concurrere
879 492 1066 528 montibus
1086 490 1178 528 altos
1190 495 1206 528 τ’

182 562 307 599 Tanta
327 561 421 597 mole
441 560 506 597 viri
526 559 667 597 turritis
686 559 874 609 puppibus
894 558 1045 595 instant.

184 628 351 678 Stuppea
366 627 509 664 flamma
529 640 650 670 manu,
670 624 826 675 telisque
847 623 994 661 volatile
1019 624 1156 661 ferrum

182 693 406 744 Spargitur:
436 706 518 729 arva
538 706 628 729 nova
649 691 841 741 Neptunia
860 691 970 728 caede
991 692 1200 728 rubescunt.

183 760 328 811 Regina
345 760 380 796 in
401 759 525 797 mediis
544 758 662 809 patrio
683 767 789 795 vocat
809 758 956 809 agmina
976 757 1082 794 sistro
1101 773 1112 801 ς

180 827 352 864 Necdum
371 826 482 863 etiam
501 825 664 877 geminos
683 838 704 861 a
722 833 830 876 tergo
850 824 999 874 respicit
1017 823 1160 874 anguis.

181 893 503 944 Omnigenumque
523 891 630 929 desim
650 902 821 935 monstra,
840 899 878 926 ct
897 889 1050 927 latrator
1069 889 1234 933 Anubis,

180 960 320 997 Contra
331 958 601 1008 Neptunum,et
610 958 1007 1006 Venerem,contraque
1015 955 1233 999 Minervam,

180 1025 277 1062 Tela
294 1034 433 1062 tenent.
464 1024 586 1063 Saevit
603 1024 721 1061 medio
736 1023 771 1060 in
787 1023 982 1060 certamine
1003 1023 1168 1067 Mavors,

180 1091 351 1129 Caelatus
370 1091 481 1135 ferro,
508 1090 702 1140 tristesque
721 1104 765 1126 ex
788 1090 934 1127 aethere
955 1089 1069 1127 Dirae
1087 1105 1100 1134 ;

181 1157 235 1196 Et
256 1158 362 1194 scissa
382 1158 544 1209 gaudens
564 1158 664 1194 vadit
685 1157 884 1194 Discordia
904 1155 999 1205 palla
1017 1170 1028 1199 3

181 1226 305 1275 Quam
324 1235 410 1262 cnm
429 1225 628 1276 sanguineo
649 1224 812 1274 sequitur
835 1222 985 1260 Bellona
1005 1221 1165 1272 flagello.

179 1291 335 1336 Actius,
354 1291 444 1328 haec
464 1304 628 1334 cernens,
648 1303 772 1326 arcum
793 1289 1003 1326 intendebat
1024 1286 1171 1337 Apollo

179 1358 379 1408 Desuper:
409 1357 527 1394 omnis
545 1372 588 1394 eo
609 1367 746 1394 terrore
767 1358 987 1406 Aegyptus,
1006 1363 1043 1390 et
1066 1352 1164 1397 Indi,

181 1425 312 1463 Omnis
332 1425 471 1470 Arabs,
490 1437 615 1461 omnes
635 1424 821 1460 vertebant
843 1434 947 1473 terga
970 1420 1113 1458 Sabaei.

181 1492 269 1542 Ipsa
288 1492 480 1529 videbatur
499 1490 612 1527 ventis
632 1490 757 1540 regina
777 1488 914 1525 vocatis

179 1558 275 1596 Vela
294 1559 392 1603 dare,
411 1567 450 1595 et
468 1557 570 1594 laxos
586 1558 660 1607 jam
675 1558 822 1606 jamque
842 1554 1037 1591 immittere
1057 1552 1165 1590 funis.

181 1624 288 1662 Illam
307 1625 402 1662 inter
420 1623 562 1668 caedes,
591 1622 787 1672 pallentem
809 1630 926 1657 morte
947 1619 1086 1663 futura,

182 1693 335 1730 Fecerat
354 1691 562 1742 ignipotens
582 1689 686 1726 undis
705 1697 744 1726 et
767 1690 909 1738 Iapyge
929 1685 1014 1723 ferri
1031 1701 1041 1730 3

180 1758 321 1797 Contra
339 1767 475 1802 autem,
495 1770 628 1808 magno
650 1763 869 1792 moerentem
890 1766 1045 1802 corpore
1066 1750 1207 1796 Nilum,

180 1825 479 1874 Pandentemquc
499 1824 609 1868 sinus,
629 1832 666 1860 et
687 1832 766 1859 tota
786 1830 884 1858 veste
904 1828 1094 1856 vocantem

179 1891 396 1931 Caeruleum
409 1891 443 1928 in
456 1890 650 1941 gremium,
660 1889 913 1937 latebrosaque
930 1885 1090 1927 flumina,
1104 1883 1232 1920 victos.

178 1959 241 1996 At
261 1958 406 2002 Caesar,
426 1955 561 2007 triplici
581 1957 744 1993 invectus
770 1955 935 1992 Romana
955 1951 1144 2001 triumpho

179 2024 344 2069 Moenia,
363 2024 419 2061 dis
441 2023 544 2060 Italis
563 2032 691 2060 votnm
711 2020 912 2058 immortale
933 2020 1112 2063 sacrabat,

180 2091 346 2129 Maxima
364 2099 569 2127 tercentum
588 2098 707 2126 totam
726 2087 875 2125 delubra
896 2101 961 2137 per
985 2086 1123 2123 urbem.

182 2157 344 2194 Laetitia
362 2156 529 2206 ludisque
548 2155 637 2199 viae,
657 2155 873 2205 plausuque,
895 2152 1097 2189 fremebant
1113 2166 1122 2188 :

183 2221 364 2261 Omnibus
383 2222 418 2259 in
442 2221 587 2275 templis
606 2230 763 2258 matrum
782 2221 930 2265 chorus,
945 2218 1113 2256 omnibus
1128 2229 1206 2253 arae
1220 2230 1239 2260 5>

237 2287 356 2326 ΤοΜ.
390 2288 446 2326 11.
718 2287 755 2336 Q
