1455 2685
246 312 322 363 228
538 310 838 348 AENEIDOS
896 311 996 347 XII.
1158 326 1191 350 v.
1207 314 1296 361 243,

260 421 459 465 Infectum,
489 430 526 458 ct
547 421 665 459 Turni
686 432 818 459 sortem
840 422 1049 459 miserantur
1070 422 1240 472 iniquam.

255 488 330 525 His
350 488 446 536 aliud
466 491 578 540 majus
597 490 754 527 Juturna
774 489 954 540 adjungit,
984 499 1021 526 et
1041 489 1115 526 alto

252 554 334 592 Dat
357 556 499 606 signum
520 555 650 600 coelo;
680 570 754 605 quo
775 570 844 592 non
867 556 1088 605 praesentius
1108 556 1222 594 ullum

253 619 440 666 Turbavit
460 623 589 658 mentis
612 620 735 665 Italas,
766 632 1002 672 monstroque
1022 622 1165 660 fefellit.

255 687 426 738 Namque
448 688 570 725 volans
590 690 698 726 rubra
718 689 836 726 fulvus
857 690 956 727 Jovis
977 689 1048 727 ales
1067 690 1102 726 in
1122 690 1247 733 aethra

254 753 444 791 Littoreas
463 755 628 806 agitabat
647 756 732 799 avis,
761 757 979 806 turbamque
1009 767 1194 794 sonantem

252 820 430 871 Agminis
450 821 577 872 aligeri
596 838 606 867 ;
637 823 759 859 subito
781 837 877 866 cnm,
908 822 1029 873 lapsus
1049 824 1094 860 ad
1112 823 1237 867 undas,

254 888 422 937 Cycnum
444 888 681 925 excellentem
701 889 856 939 pedibus
870 889 965 938 rapit
980 889 1166 939 improbus
1187 892 1300 927 uncis.

252 955 439 993 Arrexere
454 955 592 991 animos
616 955 713 1000 Itali,
733 965 961 1006 cunctaeque
981 956 1142 993 volucres

252 1023 483 1061 Convertunt
504 1022 660 1059 clamore
681 1022 821 1073 fugam,
850 1022 1012 1059 mirabile
1033 1023 1134 1060 visu!

251 1089 493 1138 Aetheraque
510 1090 708 1126 obscurant
727 1089 865 1139 pennis,
886 1089 1101 1140 hostemque
1121 1105 1185 1140 per
1200 1105 1301 1128 auras

254 1154 370 1192 Facta
390 1156 485 1192 nube
505 1165 674 1205 premunt
692 1171 703 1201 3
733 1156 848 1193 donec
870 1156 902 1192 vi
923 1157 1054 1200 victus,
1083 1167 1120 1194 et
1140 1157 1220 1207 ipso

254 1222 435 1266 Pondere,
465 1221 614 1266 defecit,
643 1222 884 1271 praedamque
904 1236 948 1259 ex
977 1222 1159 1273 unguibus
1178 1223 1249 1260 ales

254 1289 412 1340 Projecit
435 1289 556 1331 fluvio,
587 1289 803 1338 penitusque
823 1288 857 1325 in
878 1288 1001 1326 nubila
1019 1289 1130 1341 fugit.

307 1355 410 1392 Tum
430 1369 512 1392 vero
533 1356 726 1406 augurium
751 1357 881 1393 Rutuli
901 1356 1055 1393 clamore
1075 1357 1248 1402 salutant,

254 1422 544 1472 Expediuntque
560 1435 701 1460 manus:
713 1423 922 1473 primusque
937 1423 1156 1460 Tolumnius
1170 1438 1300 1475 augur,

254 1489 344 1526 Hoc
365 1497 453 1532 erat,
482 1488 553 1525 hoc
573 1489 680 1537 votis,
709 1489 841 1540 inquit,
872 1491 971 1540 quod
991 1504 1094 1540 saepe
1116 1492 1224 1540 petivi
1243 1507 1252 1529 ε

252 1555 431 1604 Accipio,
461 1569 692 1606 agnoscoque
713 1556 811 1594 deos.
871 1556 949 1598 Me,
970 1571 1024 1593 me
1046 1558 1152 1601 duce,
1168 1558 1301 1603 ferrum

252 1622 451 1671 Corripite‚
471 1636 494 1658 o
515 1622 657 1658 miseri!
691 1636 782 1672 quos
798 1623 986 1672 improbus
1006 1624 1142 1660 advena
1161 1624 1255 1661 bello

256 1676 437 1732 Territat,
467 1688 638 1724 invalidas
660 1698 702 1725 ut
721 1688 807 1732 avis,
835 1698 872 1725 et
891 1688 1017 1726 littora
1037 1699 1155 1727 vestra

251 1755 302 1792 Vi
318 1754 472 1804 populat
489 1769 498 1792 :
520 1762 622 1803 petet
641 1754 700 1791 ille
720 1754 862 1806 fugam,
882 1756 1098 1807 penitusque
1118 1757 1302 1807 profundo

251 1822 345 1859 Vela
365 1820 478 1857 dabit.
537 1821 616 1863 Vos
631 1820 788 1856 unanimi
810 1821 956 1859 densate
977 1831 1150 1869 catervas,

256 1889 312 1926 Et
332 1901 456 1939 regem
475 1887 577 1923 vobis
597 1901 722 1938 pugna
742 1887 925 1924 defendite
945 1898 1101 1938 raptum.

251 1955 363 1994 Dixit
385 1969 395 1997 ;
425 1963 462 1991 et
483 1954 650 1990 adversos
669 1953 781 1991 telum
802 1955 979 1992 contorsit
998 1956 1032 1992 in
1053 1956 1168 1994 hostis

253 2023 474 2061 Procurrens
492 2036 501 2058 ι
534 2020 689 2058 sonitum
711 2021 773 2058 dat
795 2022 946 2059 stridula
967 2038 1110 2069 cornus,
1129 2035 1166 2061 et
1186 2038 1288 2062 auras

252 2090 365 2127 Certa
377 2096 487 2124 secat.
529 2087 643 2125 Simul
657 2088 741 2132 boc,
756 2089 860 2126 simul
874 2089 998 2140 ingens
1011 2090 1159 2134 clamor,
1172 2101 1208 2128 et
1225 2106 1302 2137 οη]-Δ

252 2155 413 2193 Turbati
431 2154 549 2199 cunei,
570 2154 817 2205 calefactaque
838 2157 948 2193 corda
968 2157 1144 2194 tumultu.
1215 2161 1299 2208 [nes

253 2221 376 2275 Hasta
396 2221 530 2266 volans,
560 2230 601 2259 ut
621 2221 715 2260 forte
736 2237 864 2262 novem
884 2223 1126 2275 pulcherrima
1147 2224 1299 2274 fratrum
