<?xml version="1.0" encoding="UTF-8"?>
<!DOCTYPE html PUBLIC "-//W3C//DTD XHTML 1.0 Transitional//EN"
    "http://www.w3.org/TR/xhtml1/DTD/xhtml1-transitional.dtd">
<html xmlns="http://www.w3.org/1999/xhtml" xml:lang="en" lang="en">
 <head>
  <title>
</title>
<meta http-equiv="Content-Type" content="text/html;charset=utf-8" />
  <meta name='ocr-system' content='tesseract 3.04.00' />
  <meta name='ocr-capabilities' content='ocr_page ocr_carea ocr_par ocr_line ocrx_word'/>
</head>
<body>
  <div class='ocr_page' id='page_1' title='image "./operahun02virguoft_0024.png"; bbox 0 0 1455 2685; ppageno 0'>
   <div class='ocr_carea' id='block_1_1' title="bbox 195 332 1237 376">
    <p class='ocr_par' dir='ltr' id='par_1_1' title="bbox 195 332 1237 376">
     <span class='ocr_line' id='line_1_1' title="bbox 195 332 1237 376; baseline -0.001 -2"><span class='ocrx_word' id='word_1_1' title='bbox 195 337 245 376; x_wconf 82' lang='lat'><strong>16</strong></span> <span class='ocrx_word' id='word_1_2' title='bbox 483 332 782 374; x_wconf 89' lang='lat' dir='ltr'>AENEIDOS</span> <span class='ocrx_word' id='word_1_3' title='bbox 837 332 888 371; x_wconf 83' lang='lat' dir='ltr'><strong>V.</strong></span> <span class='ocrx_word' id='word_1_4' title='bbox 1097 345 1130 372; x_wconf 82' lang='lat' dir='ltr'><strong>v.</strong></span> <span class='ocrx_word' id='word_1_5' title='bbox 1146 336 1237 373; x_wconf 54' lang='lat'><strong>410⁴</strong></span> 
     </span>
    </p>
   </div>
   <div class='ocr_carea' id='block_1_2' title="bbox 190 441 1238 2286">
    <p class='ocr_par' dir='ltr' id='par_1_2' title="bbox 190 441 1238 2286">
     <span class='ocr_line' id='line_1_2' title="bbox 195 441 1130 496; baseline -0.002 -14"><span class='ocrx_word' id='word_1_6' title='bbox 195 444 310 495; x_wconf 77' lang='lat' dir='ltr'><strong>Quid,</strong></span> <span class='ocrx_word' id='word_1_7' title='bbox 339 444 366 482; x_wconf 91' lang='lat' dir='ltr'><strong>si</strong></span> <span class='ocrx_word' id='word_1_8' title='bbox 385 444 465 495; x_wconf 86' lang='lat' dir='ltr'><strong>quis</strong></span> <span class='ocrx_word' id='word_1_9' title='bbox 485 453 626 481; x_wconf 82' lang='lat' dir='ltr'>caestus</span> <span class='ocrx_word' id='word_1_10' title='bbox 645 443 756 496; x_wconf 84' lang='lat' dir='ltr'><strong>ipsius</strong></span> <span class='ocrx_word' id='word_1_11' title='bbox 775 453 812 481; x_wconf 91' lang='lat' dir='ltr'><strong>et</strong></span> <span class='ocrx_word' id='word_1_12' title='bbox 839 441 1014 481; x_wconf 84' lang='lat' dir='ltr'><strong>Herculis</strong></span> <span class='ocrx_word' id='word_1_13' title='bbox 1033 457 1130 481; x_wconf 81' lang='lat' dir='ltr'><strong>arma</strong></span> 
     </span>
     <span class='ocr_line' id='line_1_3' title="bbox 192 509 1192 562; baseline -0.001 -14"><span class='ocrx_word' id='word_1_14' title='bbox 192 511 367 554; x_wconf 85' lang='lat' dir='ltr'><strong>Vidisset,</strong></span> <span class='ocrx_word' id='word_1_15' title='bbox 380 510 591 560; x_wconf 80' lang='lat' dir='ltr'>tristemque</span> <span class='ocrx_word' id='word_1_16' title='bbox 611 511 681 547; x_wconf 85' lang='lat' dir='ltr'><strong>hoc</strong></span> <span class='ocrx_word' id='word_1_17' title='bbox 700 510 779 560; x_wconf 89' lang='lat' dir='ltr'><strong>ipso</strong></span> <span class='ocrx_word' id='word_1_18' title='bbox 798 510 833 547; x_wconf 91' lang='lat' dir='ltr'><strong>in</strong></span> <span class='ocrx_word' id='word_1_19' title='bbox 853 509 978 547; x_wconf 78' lang='lat' dir='ltr'><strong>littore</strong></span> <span class='ocrx_word' id='word_1_20' title='bbox 999 523 1161 562; x_wconf 86' lang='lat' dir='ltr'><strong>pugnam</strong></span> <span class='ocrx_word' id='word_1_21' title='bbox 1178 512 1192 548; x_wconf 82' lang='lat'>?</span> 
     </span>
     <span class='ocr_line' id='line_1_4' title="bbox 195 576 1233 628; baseline -0.001 -14"><span class='ocrx_word' id='word_1_22' title='bbox 195 577 303 615; x_wconf 85' lang='lat' dir='ltr'><strong>Haec</strong></span> <span class='ocrx_word' id='word_1_23' title='bbox 323 590 512 628; x_wconf 86' lang='lat' dir='ltr'><strong>germanus</strong></span> <span class='ocrx_word' id='word_1_24' title='bbox 533 577 638 626; x_wconf 79' lang='lat' dir='ltr'>Eryx</span> <span class='ocrx_word' id='word_1_25' title='bbox 659 576 840 626; x_wconf 86' lang='lat' dir='ltr'><strong>quondam</strong></span> <span class='ocrx_word' id='word_1_26' title='bbox 859 585 944 613; x_wconf 85' lang='lat' dir='ltr'><strong>tuus</strong></span> <span class='ocrx_word' id='word_1_27' title='bbox 958 590 1054 613; x_wconf 83' lang='lat' dir='ltr'><strong>arma</strong></span> <span class='ocrx_word' id='word_1_28' title='bbox 1072 577 1233 627; x_wconf 84' lang='lat' dir='ltr'>gerebat.</span> 
     </span>
     <span class='ocr_line' id='line_1_5' title="bbox 195 640 1182 696; baseline 0 -16"><span class='ocrx_word' id='word_1_29' title='bbox 195 644 377 696; x_wconf 84' lang='lat' dir='ltr'>Sanguine</span> <span class='ocrx_word' id='word_1_30' title='bbox 396 643 510 681; x_wconf 78' lang='lat' dir='ltr'>cernis</span> <span class='ocrx_word' id='word_1_31' title='bbox 530 643 647 680; x_wconf 87' lang='lat' dir='ltr'><strong>adhuc</strong></span> <span class='ocrx_word' id='word_1_32' title='bbox 666 643 855 692; x_wconf 83' lang='lat' dir='ltr'><strong>fractoque</strong></span> <span class='ocrx_word' id='word_1_33' title='bbox 870 640 1004 679; x_wconf 86' lang='lat' dir='ltr'><strong>infecta</strong></span> <span class='ocrx_word' id='word_1_34' title='bbox 1022 643 1182 680; x_wconf 83' lang='lat' dir='ltr'><strong>cerebro.</strong></span> 
     </span>
     <span class='ocr_line' id='line_1_6' title="bbox 194 709 1235 762; baseline -0.002 -14"><span class='ocrx_word' id='word_1_35' title='bbox 194 710 269 748; x_wconf 93' lang='lat' dir='ltr'><strong>His</strong></span> <span class='ocrx_word' id='word_1_36' title='bbox 289 725 458 762; x_wconf 85' lang='lat' dir='ltr'><strong>magnum</strong></span> <span class='ocrx_word' id='word_1_37' title='bbox 475 710 634 749; x_wconf 83' lang='lat' dir='ltr'>Alciden</span> <span class='ocrx_word' id='word_1_38' title='bbox 650 720 778 747; x_wconf 78' lang='lat' dir='ltr'><strong>contra</strong></span> <span class='ocrx_word' id='word_1_39' title='bbox 789 710 908 747; x_wconf 86' lang='lat' dir='ltr'><strong>stetit:</strong></span> <span class='ocrx_word' id='word_1_40' title='bbox 932 709 987 746; x_wconf 85' lang='lat' dir='ltr'><strong>his</strong></span> <span class='ocrx_word' id='word_1_41' title='bbox 1001 723 1071 760; x_wconf 85' lang='lat' dir='ltr'><strong>ego</strong></span> <span class='ocrx_word' id='word_1_42' title='bbox 1087 719 1208 746; x_wconf 89' lang='lat' dir='ltr'><strong>suetus</strong></span> <span class='ocrx_word' id='word_1_43' title='bbox 1223 724 1235 755; x_wconf 89' lang='lat'>;</span> 
     </span>
     <span class='ocr_line' id='line_1_7' title="bbox 193 776 1185 826; baseline -0.001 -11"><span class='ocrx_word' id='word_1_44' title='bbox 193 777 299 815; x_wconf 86' lang='lat' dir='ltr'><strong>Dum</strong></span> <span class='ocrx_word' id='word_1_45' title='bbox 319 777 445 814; x_wconf 85' lang='lat' dir='ltr'><strong>melior</strong></span> <span class='ocrx_word' id='word_1_46' title='bbox 464 777 556 814; x_wconf 85' lang='lat' dir='ltr'><strong>vires</strong></span> <span class='ocrx_word' id='word_1_47' title='bbox 574 776 720 826; x_wconf 72' lang='lat' dir='ltr'><strong>sanguis</strong></span> <span class='ocrx_word' id='word_1_48' title='bbox 736 776 861 820; x_wconf 86' lang='lat' dir='ltr'><strong>dabat,</strong></span> <span class='ocrx_word' id='word_1_49' title='bbox 878 776 1016 813; x_wconf 69' lang='lat' dir='ltr'><strong>aemula</strong></span> <span class='ocrx_word' id='word_1_50' title='bbox 1030 778 1185 814; x_wconf 83' lang='lat' dir='ltr'>necdum</span> 
     </span>
     <span class='ocr_line' id='line_1_8' title="bbox 192 842 1129 894; baseline 0.001 -15"><span class='ocrx_word' id='word_1_51' title='bbox 192 842 439 893; x_wconf 67' lang='lat' dir='ltr'><strong>Temporibus</strong></span> <span class='ocrx_word' id='word_1_52' title='bbox 458 842 610 894; x_wconf 86' lang='lat' dir='ltr'><strong>geminis</strong></span> <span class='ocrx_word' id='word_1_53' title='bbox 629 843 782 879; x_wconf 81' lang='lat' dir='ltr'>canebat</span> <span class='ocrx_word' id='word_1_54' title='bbox 811 857 931 892; x_wconf 85' lang='lat' dir='ltr'><strong>sparsa</strong></span> <span class='ocrx_word' id='word_1_55' title='bbox 950 852 1129 880; x_wconf 84' lang='lat' dir='ltr'><strong>senectus.</strong></span> 
     </span>
     <span class='ocr_line' id='line_1_9' title="bbox 194 908 1185 954; baseline 0.002 -9"><span class='ocrx_word' id='word_1_56' title='bbox 194 909 280 952; x_wconf 89' lang='lat' dir='ltr'><strong>Sed,</strong></span> <span class='ocrx_word' id='word_1_57' title='bbox 311 908 338 945; x_wconf 82' lang='lat' dir='ltr'><strong>si</strong></span> <span class='ocrx_word' id='word_1_58' title='bbox 359 917 480 946; x_wconf 84' lang='lat' dir='ltr'><strong>nostra</strong></span> <span class='ocrx_word' id='word_1_59' title='bbox 509 909 628 946; x_wconf 78' lang='lat' dir='ltr'><strong>Dares</strong></span> <span class='ocrx_word' id='word_1_60' title='bbox 647 909 735 945; x_wconf 86' lang='lat' dir='ltr'><strong>haec</strong></span> <span class='ocrx_word' id='word_1_61' title='bbox 755 909 892 946; x_wconf 72' lang='lat' dir='ltr'><strong>Tro‘ius</strong></span> <span class='ocrx_word' id='word_1_62' title='bbox 913 923 1008 946; x_wconf 79' lang='lat' dir='ltr'><strong>arma</strong></span> <span class='ocrx_word' id='word_1_63' title='bbox 1028 919 1185 954; x_wconf 63' lang='lat' dir='ltr'><strong>recusat5</strong></span> 
     </span>
     <span class='ocr_line' id='line_1_10' title="bbox 192 975 1208 1026; baseline 0.002 -14"><span class='ocrx_word' id='word_1_64' title='bbox 192 975 311 1026; x_wconf 91' lang='lat' dir='ltr'><strong>quue</strong></span> <span class='ocrx_word' id='word_1_65' title='bbox 331 976 391 1025; x_wconf 87' lang='lat' dir='ltr'><strong>pio</strong></span> <span class='ocrx_word' id='word_1_66' title='bbox 412 976 512 1012; x_wconf 85' lang='lat' dir='ltr'><strong>sedet</strong></span> <span class='ocrx_word' id='word_1_67' title='bbox 533 976 696 1018; x_wconf 80' lang='lat' dir='ltr'><strong>Aeneae,</strong></span> <span class='ocrx_word' id='word_1_68' title='bbox 717 976 851 1025; x_wconf 85' lang='lat' dir='ltr'><strong>probat</strong></span> <span class='ocrx_word' id='word_1_69' title='bbox 868 986 996 1013; x_wconf 79' lang='lat' dir='ltr'>auctor</span> <span class='ocrx_word' id='word_1_70' title='bbox 1019 977 1178 1014; x_wconf 81' lang='lat' dir='ltr'><strong>Acestes</strong></span> <span class='ocrx_word' id='word_1_71' title='bbox 1196 993 1208 1022; x_wconf 84' lang='lat'>;</span> 
     </span>
     <span class='ocr_line' id='line_1_11' title="bbox 190 1041 1145 1093; baseline 0 -14"><span class='ocrx_word' id='word_1_72' title='bbox 190 1041 409 1091; x_wconf 86' lang='lat' dir='ltr'><strong>Aequemus</strong></span> <span class='ocrx_word' id='word_1_73' title='bbox 428 1055 582 1093; x_wconf 86' lang='lat' dir='ltr'><strong>pugnas.</strong></span> <span class='ocrx_word' id='word_1_74' title='bbox 615 1041 746 1091; x_wconf 79' lang='lat' dir='ltr'><strong>Erycis</strong></span> <span class='ocrx_word' id='word_1_75' title='bbox 765 1041 831 1078; x_wconf 90' lang='lat' dir='ltr'><strong>tibi</strong></span> <span class='ocrx_word' id='word_1_76' title='bbox 852 1052 955 1093; x_wconf 81' lang='lat' dir='ltr'><strong>terga</strong></span> <span class='ocrx_word' id='word_1_77' title='bbox 975 1042 1145 1086; x_wconf 77' lang='lat' dir='ltr'><strong>remitt03</strong></span> 
     </span>
     <span class='ocr_line' id='line_1_12' title="bbox 194 1107 1073 1160; baseline -0.002 -14"><span class='ocrx_word' id='word_1_78' title='bbox 194 1107 300 1146; x_wconf 82' lang='lat' dir='ltr'><strong>Solve</strong></span> <span class='ocrx_word' id='word_1_79' title='bbox 320 1117 435 1144; x_wconf 88' lang='lat' dir='ltr'><strong>metus</strong></span> <span class='ocrx_word' id='word_1_80' title='bbox 453 1123 462 1145; x_wconf 89' lang='lat'><strong>:</strong></span> <span class='ocrx_word' id='word_1_81' title='bbox 492 1117 528 1145; x_wconf 86' lang='lat' dir='ltr'><strong>et</strong></span> <span class='ocrx_word' id='word_1_82' title='bbox 548 1117 590 1145; x_wconf 89' lang='lat' dir='ltr'><strong>tu</strong></span> <span class='ocrx_word' id='word_1_83' title='bbox 609 1107 788 1160; x_wconf 82' lang='lat' dir='ltr'><strong>Trojanos</strong></span> <span class='ocrx_word' id='word_1_84' title='bbox 807 1121 898 1144; x_wconf 81' lang='lat' dir='ltr'><strong>exue</strong></span> <span class='ocrx_word' id='word_1_85' title='bbox 918 1118 1073 1145; x_wconf 83' lang='lat' dir='ltr'><strong>caestus.</strong></span> 
     </span>
     <span class='ocr_line' id='line_1_13' title="bbox 192 1173 1235 1225; baseline 0.001 -15"><span class='ocrx_word' id='word_1_86' title='bbox 192 1173 300 1211; x_wconf 90' lang='lat' dir='ltr'><strong>Haec</strong></span> <span class='ocrx_word' id='word_1_87' title='bbox 321 1174 430 1218; x_wconf 87' lang='lat' dir='ltr'><strong>fatus,</strong></span> <span class='ocrx_word' id='word_1_88' title='bbox 451 1174 633 1224; x_wconf 85' lang='lat' dir='ltr'><strong>duplicem</strong></span> <span class='ocrx_word' id='word_1_89' title='bbox 652 1188 696 1212; x_wconf 85' lang='lat' dir='ltr'><strong>ex</strong></span> <span class='ocrx_word' id='word_1_90' title='bbox 716 1174 873 1211; x_wconf 82' lang='lat' dir='ltr'><strong>humeris</strong></span> <span class='ocrx_word' id='word_1_91' title='bbox 893 1174 1016 1225; x_wconf 82' lang='lat' dir='ltr'><strong>rejecit</strong></span> <span class='ocrx_word' id='word_1_92' title='bbox 1035 1174 1205 1211; x_wconf 88' lang='lat' dir='ltr'><strong>amictum</strong></span> <span class='ocrx_word' id='word_1_93' title='bbox 1223 1190 1235 1219; x_wconf 87' lang='lat'>;</span> 
     </span>
     <span class='ocr_line' id='line_1_14' title="bbox 193 1239 1238 1290; baseline 0 -12"><span class='ocrx_word' id='word_1_94' title='bbox 193 1240 247 1278; x_wconf 87' lang='lat' dir='ltr'><strong>Et</strong></span> <span class='ocrx_word' id='word_1_95' title='bbox 267 1253 418 1290; x_wconf 83' lang='lat' dir='ltr'><strong>magnos</strong></span> <span class='ocrx_word' id='word_1_96' title='bbox 439 1241 680 1277; x_wconf 81' lang='lat' dir='ltr'><strong>membrorum</strong></span> <span class='ocrx_word' id='word_1_97' title='bbox 693 1249 804 1284; x_wconf 86' lang='lat' dir='ltr'><strong>artus,</strong></span> <span class='ocrx_word' id='word_1_98' title='bbox 818 1253 946 1290; x_wconf 87' lang='lat' dir='ltr'><strong>magna</strong></span> <span class='ocrx_word' id='word_1_99' title='bbox 961 1253 1053 1283; x_wconf 86' lang='lat' dir='ltr'><strong>ossa,</strong></span> <span class='ocrx_word' id='word_1_100' title='bbox 1066 1239 1238 1278; x_wconf 89' lang='lat' dir='ltr'><strong>lacertos-</strong></span> 
     </span>
     <span class='ocr_line' id='line_1_15' title="bbox 193 1306 1236 1357; baseline 0.001 -14"><span class='ocrx_word' id='word_1_101' title='bbox 193 1306 325 1351; x_wconf 86' lang='lat' dir='ltr'><strong>Exuit,</strong></span> <span class='ocrx_word' id='word_1_102' title='bbox 345 1315 455 1356; x_wconf 86' lang='lat' dir='ltr'><strong>atque</strong></span> <span class='ocrx_word' id='word_1_103' title='bbox 475 1307 600 1357; x_wconf 86' lang='lat' dir='ltr'><strong>ingens</strong></span> <span class='ocrx_word' id='word_1_104' title='bbox 621 1307 736 1343; x_wconf 83' lang='lat' dir='ltr'><strong>media</strong></span> <span class='ocrx_word' id='word_1_105' title='bbox 755 1306 919 1343; x_wconf 85' lang='lat' dir='ltr'><strong>consistit</strong></span> <span class='ocrx_word' id='word_1_106' title='bbox 938 1320 1054 1344; x_wconf 48' lang='lat' dir='ltr'><strong>asena·¹</strong></span> <span class='ocrx_word' id='word_1_107' title='bbox 1129 1310 1236 1357; x_wconf 84' lang='lat' dir='ltr'><strong>[quc,</strong></span> 
     </span>
     <span class='ocr_line' id='line_1_16' title="bbox 244 1371 1235 1422; baseline 0 -13"><span class='ocrx_word' id='word_1_108' title='bbox 244 1372 347 1409; x_wconf 87' lang='lat' dir='ltr'><strong>Tum</strong></span> <span class='ocrx_word' id='word_1_109' title='bbox 366 1381 465 1409; x_wconf 87' lang='lat' dir='ltr'><strong>satus</strong></span> <span class='ocrx_word' id='word_1_110' title='bbox 479 1372 643 1410; x_wconf 88' lang='lat' dir='ltr'><strong>Anchisa</strong></span> <span class='ocrx_word' id='word_1_111' title='bbox 653 1381 793 1410; x_wconf 84' lang='lat' dir='ltr'><strong>caestus</strong></span> <span class='ocrx_word' id='word_1_112' title='bbox 814 1381 917 1422; x_wconf 83' lang='lat' dir='ltr'><strong>pater</strong></span> <span class='ocrx_word' id='word_1_113' title='bbox 936 1371 1068 1409; x_wconf 84' lang='lat' dir='ltr'><strong>extulit</strong></span> <span class='ocrx_word' id='word_1_114' title='bbox 1087 1385 1235 1422; x_wconf 87' lang='lat' dir='ltr'><strong>aequos,</strong></span> 
     </span>
     <span class='ocr_line' id='line_1_17' title="bbox 193 1439 1096 1490; baseline -0.003 -13"><span class='ocrx_word' id='word_1_115' title='bbox 193 1440 247 1478; x_wconf 86' lang='lat' dir='ltr'><strong>Et</strong></span> <span class='ocrx_word' id='word_1_116' title='bbox 267 1440 412 1490; x_wconf 84' lang='lat' dir='ltr'><strong>paribus</strong></span> <span class='ocrx_word' id='word_1_117' title='bbox 431 1439 566 1490; x_wconf 85' lang='lat' dir='ltr'><strong>palmas</strong></span> <span class='ocrx_word' id='word_1_118' title='bbox 586 1439 774 1476; x_wconf 83' lang='lat' dir='ltr'><strong>amborum</strong></span> <span class='ocrx_word' id='word_1_119' title='bbox 795 1439 957 1475; x_wconf 82' lang='lat' dir='ltr'><strong>innexuit</strong></span> <span class='ocrx_word' id='word_1_120' title='bbox 977 1439 1096 1475; x_wconf 78' lang='lat' dir='ltr'><strong>armis.</strong></span> 
     </span>
     <span class='ocr_line' id='line_1_18' title="bbox 192 1505 1151 1556; baseline -0.001 -12"><span class='ocrx_word' id='word_1_121' title='bbox 192 1506 368 1544; x_wconf 83' lang='lat' dir='ltr'><strong>Constitit</strong></span> <span class='ocrx_word' id='word_1_122' title='bbox 386 1506 420 1543; x_wconf 89' lang='lat' dir='ltr'><strong>in</strong></span> <span class='ocrx_word' id='word_1_123' title='bbox 441 1506 578 1556; x_wconf 88' lang='lat' dir='ltr'><strong>digitos</strong></span> <span class='ocrx_word' id='word_1_124' title='bbox 597 1505 781 1554; x_wconf 87' lang='lat' dir='ltr'><strong>extemplo</strong></span> <span class='ocrx_word' id='word_1_125' title='bbox 802 1513 962 1541; x_wconf 84' lang='lat' dir='ltr'><strong>arrectus</strong></span> <span class='ocrx_word' id='word_1_126' title='bbox 981 1513 1151 1554; x_wconf 86' lang='lat' dir='ltr'><strong>uterque,</strong></span> 
     </span>
     <span class='ocr_line' id='line_1_19' title="bbox 193 1571 1137 1621; baseline 0.001 -13"><span class='ocrx_word' id='word_1_127' title='bbox 193 1571 420 1621; x_wconf 86' lang='lat' dir='ltr'><strong>Brachiaque</strong></span> <span class='ocrx_word' id='word_1_128' title='bbox 439 1572 485 1608; x_wconf 82' lang='lat' dir='ltr'><strong>ad</strong></span> <span class='ocrx_word' id='word_1_129' title='bbox 501 1585 645 1621; x_wconf 87' lang='lat' dir='ltr'><strong>superas</strong></span> <span class='ocrx_word' id='word_1_130' title='bbox 665 1571 850 1608; x_wconf 77' lang='lat' dir='ltr'><strong>interritus</strong></span> <span class='ocrx_word' id='word_1_131' title='bbox 869 1571 1000 1608; x_wconf 83' lang='lat' dir='ltr'><strong>extulit</strong></span> <span class='ocrx_word' id='word_1_132' title='bbox 1021 1584 1137 1609; x_wconf 79' lang='lat' dir='ltr'><strong>auras.</strong></span> 
     </span>
     <span class='ocr_line' id='line_1_20' title="bbox 191 1637 1077 1689; baseline 0 -15"><span class='ocrx_word' id='word_1_133' title='bbox 191 1637 399 1674; x_wconf 85' lang='lat' dir='ltr'><strong>Abduxere</strong></span> <span class='ocrx_word' id='word_1_134' title='bbox 416 1645 512 1674; x_wconf 85' lang='lat' dir='ltr'><strong>retro</strong></span> <span class='ocrx_word' id='word_1_135' title='bbox 531 1638 639 1689; x_wconf 88' lang='lat' dir='ltr'><strong>longe</strong></span> <span class='ocrx_word' id='word_1_136' title='bbox 660 1638 778 1689; x_wconf 85' lang='lat' dir='ltr'><strong>capita</strong></span> <span class='ocrx_word' id='word_1_137' title='bbox 790 1638 902 1674; x_wconf 80' lang='lat' dir='ltr'><strong>ardua</strong></span> <span class='ocrx_word' id='word_1_138' title='bbox 921 1637 965 1674; x_wconf 87' lang='lat' dir='ltr'><strong>ab</strong></span> <span class='ocrx_word' id='word_1_139' title='bbox 986 1637 1077 1681; x_wconf 88' lang='lat' dir='ltr'><strong>ictu,</strong></span> 
     </span>
     <span class='ocr_line' id='line_1_21' title="bbox 191 1702 1236 1754; baseline 0.003 -15"><span class='ocrx_word' id='word_1_140' title='bbox 191 1702 473 1753; x_wconf 88' lang='lat' dir='ltr'><strong>Immiscentque</strong></span> <span class='ocrx_word' id='word_1_141' title='bbox 484 1717 609 1740; x_wconf 89' lang='lat' dir='ltr'><strong>manus</strong></span> <span class='ocrx_word' id='word_1_142' title='bbox 620 1704 1031 1754; x_wconf 87' lang='lat' dir='ltr'><strong>manibus,pugnamque</strong></span> <span class='ocrx_word' id='word_1_143' title='bbox 1041 1704 1236 1743; x_wconf 56' lang='lat' dir='ltr'><strong>lacessunt}</strong></span> 
     </span>
     <span class='ocr_line' id='line_1_22' title="bbox 192 1768 1092 1822; baseline 0.003 -18"><span class='ocrx_word' id='word_1_144' title='bbox 192 1768 261 1805; x_wconf 87' lang='lat' dir='ltr'><strong>Ille</strong></span> <span class='ocrx_word' id='word_1_145' title='bbox 280 1769 413 1818; x_wconf 90' lang='lat' dir='ltr'><strong>pedum</strong></span> <span class='ocrx_word' id='word_1_146' title='bbox 433 1769 558 1806; x_wconf 84' lang='lat' dir='ltr'><strong>melior</strong></span> <span class='ocrx_word' id='word_1_147' title='bbox 577 1780 694 1814; x_wconf 88' lang='lat' dir='ltr'><strong>motu,</strong></span> <span class='ocrx_word' id='word_1_148' title='bbox 714 1770 900 1821; x_wconf 85' lang='lat' dir='ltr'><strong>fretusque</strong></span> <span class='ocrx_word' id='word_1_149' title='bbox 915 1773 1064 1822; x_wconf 86' lang='lat' dir='ltr'><strong>juventa</strong></span> <span class='ocrx_word' id='word_1_150' title='bbox 1081 1785 1092 1815; x_wconf 91' lang='lat'>;</span> 
     </span>
     <span class='ocr_line' id='line_1_23' title="bbox 191 1834 1162 1879; baseline 0.003 -8"><span class='ocrx_word' id='word_1_151' title='bbox 191 1834 270 1871; x_wconf 84' lang='lat' dir='ltr'><strong>Hic</strong></span> <span class='ocrx_word' id='word_1_152' title='bbox 291 1835 458 1872; x_wconf 79' lang='lat' dir='ltr'><strong>membris</strong></span> <span class='ocrx_word' id='word_1_153' title='bbox 477 1844 514 1872; x_wconf 91' lang='lat' dir='ltr'><strong>et</strong></span> <span class='ocrx_word' id='word_1_154' title='bbox 535 1835 628 1873; x_wconf 82' lang='lat' dir='ltr'><strong>mole</strong></span> <span class='ocrx_word' id='word_1_155' title='bbox 648 1836 778 1879; x_wconf 65' lang='lat' dir='ltr'><strong>valens,</strong></span> <span class='ocrx_word' id='word_1_156' title='bbox 795 1837 856 1874; x_wconf 84' lang='lat' dir='ltr'><strong>scd</strong></span> <span class='ocrx_word' id='word_1_157' title='bbox 874 1837 975 1873; x_wconf 79' lang='lat' dir='ltr'><strong>tarda</strong></span> <span class='ocrx_word' id='word_1_158' title='bbox 994 1837 1162 1874; x_wconf 78' lang='lat' dir='ltr'><strong>trementi</strong></span> 
     </span>
     <span class='ocr_line' id='line_1_24' title="bbox 192 1900 1199 1953; baseline 0.003 -15"><span class='ocrx_word' id='word_1_159' title='bbox 192 1901 326 1938; x_wconf 86' lang='lat' dir='ltr'><strong>Genua</strong></span> <span class='ocrx_word' id='word_1_160' title='bbox 343 1900 479 1946; x_wconf 84' lang='lat' dir='ltr'><strong>labant,</strong></span> <span class='ocrx_word' id='word_1_161' title='bbox 498 1911 617 1939; x_wconf 82' lang='lat' dir='ltr'><strong>vastos</strong></span> <span class='ocrx_word' id='word_1_162' title='bbox 636 1903 755 1952; x_wconf 86' lang='lat' dir='ltr'><strong>quatit</strong></span> <span class='ocrx_word' id='word_1_163' title='bbox 770 1916 879 1953; x_wconf 76' lang='lat' dir='ltr'><strong>aegei·</strong></span> <span class='ocrx_word' id='word_1_164' title='bbox 892 1901 1069 1940; x_wconf 83' lang='lat' dir='ltr'><strong>anhelitus</strong></span> <span class='ocrx_word' id='word_1_165' title='bbox 1088 1913 1199 1941; x_wconf 86' lang='lat' dir='ltr'><strong>artus.</strong></span> 
     </span>
     <span class='ocr_line' id='line_1_25' title="bbox 191 1966 1162 2020; baseline 0.004 -18"><span class='ocrx_word' id='word_1_166' title='bbox 191 1966 316 2003; x_wconf 85' lang='lat' dir='ltr'><strong>Multa</strong></span> <span class='ocrx_word' id='word_1_167' title='bbox 335 1967 399 2004; x_wconf 81' lang='lat' dir='ltr'><strong>viri</strong></span> <span class='ocrx_word' id='word_1_168' title='bbox 419 1969 664 2018; x_wconf 78' lang='lat' dir='ltr'><strong>nequidquam</strong></span> <span class='ocrx_word' id='word_1_169' title='bbox 683 1969 777 2006; x_wconf 79' lang='lat' dir='ltr'><strong>inter</strong></span> <span class='ocrx_word' id='word_1_170' title='bbox 796 1983 831 2006; x_wconf 87' lang='lat' dir='ltr'><strong>se</strong></span> <span class='ocrx_word' id='word_1_171' title='bbox 850 1968 993 2006; x_wconf 71' lang='lat' dir='ltr'><strong>volnera</strong></span> <span class='ocrx_word' id='word_1_172' title='bbox 1007 1971 1162 2020; x_wconf 86' lang='lat' dir='ltr'><strong>jactant,</strong></span> 
     </span>
     <span class='ocr_line' id='line_1_26' title="bbox 191 2031 1162 2085; baseline 0.004 -17"><span class='ocrx_word' id='word_1_173' title='bbox 191 2031 315 2069; x_wconf 82' lang='lat' dir='ltr'><strong>Multa</strong></span> <span class='ocrx_word' id='word_1_174' title='bbox 334 2046 421 2070; x_wconf 81' lang='lat' dir='ltr'><strong>cavo</strong></span> <span class='ocrx_word' id='word_1_175' title='bbox 440 2033 542 2071; x_wconf 80' lang='lat' dir='ltr'><strong>lateri</strong></span> <span class='ocrx_word' id='word_1_176' title='bbox 561 2035 796 2085; x_wconf 80' lang='lat' dir='ltr'><strong>ingeminant,</strong></span> <span class='ocrx_word' id='word_1_177' title='bbox 815 2045 853 2071; x_wconf 87' lang='lat' dir='ltr'><strong>et</strong></span> <span class='ocrx_word' id='word_1_178' title='bbox 872 2043 1019 2085; x_wconf 83' lang='lat' dir='ltr'><strong>pectore</strong></span> <span class='ocrx_word' id='word_1_179' title='bbox 1039 2044 1162 2072; x_wconf 71' lang='lat' dir='ltr'><strong>vastos</strong></span> 
     </span>
     <span class='ocr_line' id='line_1_27' title="bbox 190 2101 1180 2152; baseline 0 -14"><span class='ocrx_word' id='word_1_180' title='bbox 190 2101 296 2139; x_wconf 81' lang='lat' dir='ltr'><strong>Dant</strong></span> <span class='ocrx_word' id='word_1_181' title='bbox 315 2101 451 2139; x_wconf 87' lang='lat' dir='ltr'><strong>sonitus</strong></span> <span class='ocrx_word' id='word_1_182' title='bbox 469 2117 479 2146; x_wconf 71' lang='grc' dir='ltr'><strong>ς</strong></span> <span class='ocrx_word' id='word_1_183' title='bbox 508 2111 675 2152; x_wconf 80' lang='lat' dir='ltr'><strong>erratque</strong></span> <span class='ocrx_word' id='word_1_184' title='bbox 694 2103 788 2139; x_wconf 81' lang='lat' dir='ltr'><strong>auris</strong></span> <span class='ocrx_word' id='word_1_185' title='bbox 806 2110 843 2139; x_wconf 91' lang='lat' dir='ltr'><strong>et</strong></span> <span class='ocrx_word' id='word_1_186' title='bbox 862 2111 1026 2152; x_wconf 84' lang='lat' dir='ltr'><strong>tempora</strong></span> <span class='ocrx_word' id='word_1_187' title='bbox 1044 2101 1180 2138; x_wconf 81' lang='lat' dir='ltr'><strong>circum</strong></span> 
     </span>
     <span class='ocr_line' id='line_1_28' title="bbox 191 2167 1186 2218; baseline -0.001 -12"><span class='ocrx_word' id='word_1_188' title='bbox 191 2169 330 2206; x_wconf 80' lang='lat' dir='ltr'><strong>Crebra</strong></span> <span class='ocrx_word' id='word_1_189' title='bbox 349 2182 487 2212; x_wconf 89' lang='lat' dir='ltr'><strong>manus,</strong></span> <span class='ocrx_word' id='word_1_190' title='bbox 507 2167 598 2205; x_wconf 88' lang='lat' dir='ltr'><strong>duro</strong></span> <span class='ocrx_word' id='word_1_191' title='bbox 618 2168 797 2218; x_wconf 81' lang='lat' dir='ltr'><strong>crepitant</strong></span> <span class='ocrx_word' id='word_1_192' title='bbox 818 2168 883 2205; x_wconf 89' lang='lat' dir='ltr'><strong>sub</strong></span> <span class='ocrx_word' id='word_1_193' title='bbox 905 2167 1044 2206; x_wconf 71' lang='lat' dir='ltr'><strong>volnere</strong></span> <span class='ocrx_word' id='word_1_194' title='bbox 1063 2167 1186 2205; x_wconf 78' lang='lat' dir='ltr'><strong>malae.</strong></span> 
     </span>
     <span class='ocr_line' id='line_1_29' title="bbox 194 2233 1148 2286; baseline 0.002 -17"><span class='ocrx_word' id='word_1_195' title='bbox 194 2236 277 2273; x_wconf 72' lang='lat' dir='ltr'><strong>Stat</strong></span> <span class='ocrx_word' id='word_1_196' title='bbox 298 2235 416 2286; x_wconf 67' lang='lat' dir='ltr'><strong>gravis</strong></span> <span class='ocrx_word' id='word_1_197' title='bbox 436 2233 604 2273; x_wconf 78' lang='lat' dir='ltr'><strong>Entellus</strong></span> <span class='ocrx_word' id='word_1_198' title='bbox 623 2250 632 2275; x_wconf 71' lang='grc' dir='ltr'><strong>ι</strong></span> <span class='ocrx_word' id='word_1_199' title='bbox 662 2236 812 2286; x_wconf 83' lang='lat' dir='ltr'><strong>nisuque</strong></span> <span class='ocrx_word' id='word_1_200' title='bbox 832 2235 1002 2273; x_wconf 70' lang='lat' dir='ltr'><strong>immotus</strong></span> <span class='ocrx_word' id='word_1_201' title='bbox 1021 2235 1148 2272; x_wconf 75' lang='lat' dir='ltr'><strong>codem</strong></span> 
     </span>
    </p>
   </div>
  </div>
 </body>
</html>
