1455 2685
232 357 309 395 24⁴2
500 355 803 395 AENEIDOS
860 356 961 394 XII.
1139 371 1174 394 v.
1191 360 1284 397 632.

234 472 270 509 O
294 484 395 508 soror
413 471 422 507 ἔ
446 478 484 507 et
504 469 643 506 dudum
666 467 813 519 agnovi,
834 482 917 505 cum
940 467 1056 518 prima
1074 482 1139 519 per
1158 479 1275 508 artem

235 538 398 575 Foedera
418 535 590 580 turbasti,
619 545 732 585 teque
752 535 842 572 haec
862 535 899 572 in
918 534 1013 572 bella
1032 535 1164 574 dedisti
1182 553 1192 582 3

234 605 286 643 Et
309 618 403 641 nunc
419 602 666 652 nequidquam
682 601 776 639 fallis
789 602 869 638 dea.
921 602 996 640 Sed
1011 602 1107 652 quis,
1124 602 1290 654 Olympo

229 661 452 714 Demissam,
481 678 604 708 tantos
624 668 740 706 voluit
760 678 799 706 te
819 668 912 706 ferre
933 668 1102 708 labores?

228 731 431 775 Anfratris
445 736 564 774 miseri
583 735 697 773 letum
711 744 752 773 ut
770 735 916 773 crudele
932 735 1069 773 videres
1085 737 1098 774 ?
1123 735 1260 787 [lutem
1275 737 1290 775 ?

229 805 326 842 Nam
346 803 435 854 quid
454 817 524 855 ago
542 804 554 841 ἓ
583 812 646 839 aut
668 816 761 852 quae
777 805 851 854 jam
872 803 1031 853 spondet
1053 804 1220 841 Fortuna
1235 803 1296 842 sa'l

225 871 313 909 Vidi
334 870 460 908 oculos
480 880 562 907 ante
583 870 660 919 ipse
681 883 794 913 meos,
823 884 879 906 me
901 884 990 908 voce
1011 880 1222 915 vocantem,

226 938 458 983 Nlurranum‚
488 950 563 987 quo
583 950 655 973 non
676 945 823 986 superat
845 936 931 973 mihi
953 937 1071 974 carior
1090 937 1194 982 alter,

224 1005 434 1055 Oppeterc;
451 1005 650 1055 ingentem,
666 1013 778 1054 atque
797 1003 938 1054 ingenti
959 1002 1103 1041 volnere
1123 1005 1280 1043 vietum.

228 1072 381 1110 Occidit
399 1071 540 1115 infelix,
569 1081 734 1108 nostrum
754 1085 796 1108 ne
817 1071 978 1108 dedecus
999 1071 1120 1109 Ufens

224 1139 452 1189 Adspiceret
471 1154 481 1183 ;
512 1138 652 1176 Teucri
673 1138 869 1188 potiuntur
889 1151 1058 1187 corpore,
1078 1147 1114 1175 et
1135 1137 1254 1175 armis.

221 1205 447 1244 Exscindine
468 1205 609 1250 domos,
638 1205 675 1242 id
695 1206 803 1242 rebus
823 1204 942 1242 defuit
964 1219 1091 1249 unum,

226 1273 418 1323 Perpetiar
434 1274 446 1311 ?
461 1273 591 1310 dextra
604 1287 670 1310 nec
687 1273 848 1310 Drancis
864 1272 965 1309 dicta
978 1271 1141 1309 refellam
1156 1272 1254 1323 ?[bit
1270 1273 1284 1310 ἓ

224 1341 352 1392 Terga
367 1341 484 1378 dabo?
497 1350 534 1377 et
551 1340 723 1377 Turnum
736 1339 940 1390 fugientem
961 1339 1050 1376 haec
1071 1349 1168 1377 terra
1186 1340 1284 1377 vide·

225 1410 358 1458 Usque
374 1408 513 1445 adeone
525 1407 616 1444 mori
633 1406 803 1444 miserum
817 1407 895 1444 est?
911 1420 974 1444 vos
989 1420 1011 1445 ο
1027 1406 1117 1443 mihi
1132 1407 1263 1445 Manes

223 1475 318 1514 Este
338 1475 424 1512 boni
444 1477 452 1512 !
486 1474 658 1525 quoniam
677 1473 815 1524 superis
835 1487 957 1510 aversa
976 1473 1158 1511 voluntas.

226 1542 363 1580 Sancta
379 1542 425 1578 ad
444 1555 508 1578 vos
528 1541 658 1586 anima,
688 1531 800 1591 atque
819 1540 922 1578 istius
941 1541 1053 1578 inscia
1081 1540 1224 1590 culpae,

223 1608 474 1652 Descendam,
494 1621 709 1660 magnorum
729 1608 828 1645 haud
849 1620 1022 1658 umquam
1051 1607 1222 1658 indignus
1241 1620 1278 1644 a·

436 1688 578 1711 vorum.

273 1741 349 1777 Vix
370 1754 412 1778 ea
427 1740 526 1778 fatus
545 1750 638 1785 erat,
655 1742 795 1779 medios
810 1741 909 1779 volat
928 1755 1016 1779 ecce
1032 1743 1041 1779 !
1065 1755 1132 1791 per
1145 1740 1276 1786 hostis,

220 1808 364 1845 Vectus
382 1821 480 1858 equo
502 1817 707 1857 spumante,
738 1808 861 1852 Saces,
891 1809 1039 1845 adversa
1059 1808 1196 1859 sagitta

220 1874 375 1912 Saucius
388 1887 451 1911 ora
468 1889 479 1920 3
500 1874 647 1924 ruitque
662 1874 860 1925 implorans
880 1874 1024 1912 nomine
1043 1874 1216 1912 Turnum
1233 1890 1244 1912 :

218 1941 361 1987 Turne,
390 1942 425 1978 in
445 1950 484 1978 te
505 1955 671 1992 suprema
692 1941 812 1988 salus3
841 1941 1008 1979 miserere
1028 1950 1192 1980 tuorum.

219 2007 407 2045 Fulminat
428 2008 578 2046 Aeneas
597 2009 718 2053 armis,
748 2022 977 2059 summasque
997 2008 1155 2045 minatur

217 2073 465 2124 Dejecturum
483 2075 575 2112 arcis
597 2075 748 2120 Italum,
766 2075 985 2126 excidioque
1005 2075 1176 2112 daturum
1193 2091 1204 2114 ;

215 2142 371 2192 Jamque
391 2140 489 2179 faces
504 2142 550 2179 ad
569 2151 669 2179 tecta
687 2142 824 2179 volant.
857 2143 902 2179 In
922 2151 959 2180 te
978 2156 1042 2180 ora
1062 2141 1205 2187 Latini,

217 2209 260 2247 In
281 2217 319 2245 te
338 2207 479 2252 oculos,
501 2208 663 2246 referunt
681 2224 690 2247 :
727 2218 863 2247 mussat
882 2223 946 2247 rex
966 2209 1043 2260 ipse
1069 2208 1243 2253 Latinus,

216 2275 322 2325 Quos
337 2289 492 2328 generos
505 2285 626 2324 vocet,
640 2285 703 2316 aut
718 2290 810 2329 quae
823 2289 898 2316 sese
910 2276 956 2315 ad
967 2275 1114 2315 foedem
1128 2274 1267 2314 flectat.
