<?xml version="1.0" encoding="UTF-8"?>
<!DOCTYPE html PUBLIC "-//W3C//DTD XHTML 1.0 Transitional//EN"
    "http://www.w3.org/TR/xhtml1/DTD/xhtml1-transitional.dtd">
<html xmlns="http://www.w3.org/1999/xhtml" xml:lang="en" lang="en">
 <head>
  <title>
</title>
<meta http-equiv="Content-Type" content="text/html;charset=utf-8" />
  <meta name='ocr-system' content='tesseract 3.04.00' />
  <meta name='ocr-capabilities' content='ocr_page ocr_carea ocr_par ocr_line ocrx_word'/>
</head>
<body>
  <div class='ocr_page' id='page_1' title='image "./operahun02virguoft_0028.png"; bbox 0 0 1455 2685; ppageno 0'>
   <div class='ocr_carea' id='block_1_1' title="bbox 207 340 1256 380">
    <p class='ocr_par' dir='ltr' id='par_1_1' title="bbox 207 340 1256 380">
     <span class='ocr_line' id='line_1_1' title="bbox 207 340 1256 380; baseline -0.002 0"><span class='ocrx_word' id='word_1_1' title='bbox 207 345 262 380; x_wconf 63' lang='grc' dir='ltr'><strong>ΞΟ</strong></span> <span class='ocrx_word' id='word_1_2' title='bbox 521 341 820 379; x_wconf 84' lang='lat' dir='ltr'><strong>AENEIDOS</strong></span> <span class='ocrx_word' id='word_1_3' title='bbox 875 340 926 378; x_wconf 82' lang='lat' dir='ltr'><strong>V.</strong></span> <span class='ocrx_word' id='word_1_4' title='bbox 1119 355 1152 378; x_wconf 85' lang='lat' dir='ltr'><strong>v.</strong></span> <span class='ocrx_word' id='word_1_5' title='bbox 1168 341 1256 380; x_wconf 68' lang='lat'><em>5⁶22.</em></span> 
     </span>
    </p>
   </div>
   <div class='ocr_carea' id='block_1_2' title="bbox 184 449 1257 2306">
    <p class='ocr_par' dir='ltr' id='par_1_2' title="bbox 212 449 1221 637">
     <span class='ocr_line' id='line_1_2' title="bbox 213 449 1220 502; baseline -0.003 -12"><span class='ocrx_word' id='word_1_6' title='bbox 213 451 293 490; x_wconf 83' lang='lat' dir='ltr'><strong>Hic</strong></span> <span class='ocrx_word' id='word_1_7' title='bbox 313 451 428 490; x_wconf 88' lang='lat' dir='ltr'><strong>oculis</strong></span> <span class='ocrx_word' id='word_1_8' title='bbox 449 452 610 489; x_wconf 88' lang='lat' dir='ltr'><strong>subitum</strong></span> <span class='ocrx_word' id='word_1_9' title='bbox 629 451 812 502; x_wconf 84' lang='lat' dir='ltr'><strong>objicitur,</strong></span> <span class='ocrx_word' id='word_1_10' title='bbox 832 464 1038 502; x_wconf 86' lang='lat' dir='ltr'><strong>magnoque</strong></span> <span class='ocrx_word' id='word_1_11' title='bbox 1057 449 1220 488; x_wconf 87' lang='lat' dir='ltr'><strong>futurum</strong></span> 
     </span>
     <span class='ocr_line' id='line_1_3' title="bbox 212 516 1221 571; baseline -0.005 -14"><span class='ocrx_word' id='word_1_12' title='bbox 212 518 405 571; x_wconf 85' lang='lat' dir='ltr'><strong>AuguriO,</strong></span> <span class='ocrx_word' id='word_1_13' title='bbox 425 527 626 555; x_wconf 84' lang='lat' dir='ltr'><strong>monstrum</strong></span> <span class='ocrx_word' id='word_1_14' title='bbox 642 532 651 554; x_wconf 71' lang='grc' dir='ltr'><strong><em>ε</em></strong></span> <span class='ocrx_word' id='word_1_15' title='bbox 682 517 808 554; x_wconf 91' lang='lat' dir='ltr'><strong>docuit</strong></span> <span class='ocrx_word' id='word_1_16' title='bbox 829 526 913 567; x_wconf 89' lang='lat' dir='ltr'><strong>post</strong></span> <span class='ocrx_word' id='word_1_17' title='bbox 931 516 1051 553; x_wconf 86' lang='lat' dir='ltr'><strong>exitus</strong></span> <span class='ocrx_word' id='word_1_18' title='bbox 1070 517 1195 568; x_wconf 82' lang='lat' dir='ltr'><strong>ingens</strong></span> <span class='ocrx_word' id='word_1_19' title='bbox 1211 532 1221 562; x_wconf 74' lang='grc' dir='ltr'><strong>ς</strong></span> 
     </span>
     <span class='ocr_line' id='line_1_4' title="bbox 215 583 1045 637; baseline -0.006 -12"><span class='ocrx_word' id='word_1_20' title='bbox 215 589 376 637; x_wconf 82' lang='lat' dir='ltr'><strong>Seraque</strong></span> <span class='ocrx_word' id='word_1_21' title='bbox 397 585 545 624; x_wconf 87' lang='lat' dir='ltr'><strong>terrifici</strong></span> <span class='ocrx_word' id='word_1_22' title='bbox 563 584 771 623; x_wconf 88' lang='lat' dir='ltr'><strong>cecinerunt</strong></span> <span class='ocrx_word' id='word_1_23' title='bbox 798 583 917 620; x_wconf 87' lang='lat' dir='ltr'><strong>omina</strong></span> <span class='ocrx_word' id='word_1_24' title='bbox 934 592 1045 621; x_wconf 82' lang='lat' dir='ltr'><strong>vates.</strong></span> 
     </span>
    </p>

    <p class='ocr_par' dir='ltr' id='par_1_3' title="bbox 210 650 1257 901">
     <span class='ocr_line' id='line_1_5' title="bbox 213 650 1257 704; baseline -0.005 -13"><span class='ocrx_word' id='word_1_25' title='bbox 213 653 399 704; x_wconf 78' lang='lat' dir='ltr'><strong>Namque,</strong></span> <span class='ocrx_word' id='word_1_26' title='bbox 428 652 551 690; x_wconf 86' lang='lat' dir='ltr'><strong>volans</strong></span> <span class='ocrx_word' id='word_1_27' title='bbox 583 650 729 701; x_wconf 89' lang='lat' dir='ltr'>liquidis</span> <span class='ocrx_word' id='word_1_28' title='bbox 748 651 783 687; x_wconf 89' lang='lat' dir='ltr'><strong>iu</strong></span> <span class='ocrx_word' id='word_1_29' title='bbox 803 651 973 693; x_wconf 82' lang='lat' dir='ltr'><strong>nubibus,</strong></span> <span class='ocrx_word' id='word_1_30' title='bbox 1002 652 1087 687; x_wconf 83' lang='lat' dir='ltr'>arsit</span> <span class='ocrx_word' id='word_1_31' title='bbox 1107 651 1257 693; x_wconf 68' lang='lat' dir='ltr'><strong>arundo.</strong></span> 
     </span>
     <span class='ocr_line' id='line_1_6' title="bbox 214 717 1134 771; baseline -0.002 -15"><span class='ocrx_word' id='word_1_32' title='bbox 214 720 453 771; x_wconf 81' lang='lat' dir='ltr'><strong>Signavitque</strong></span> <span class='ocrx_word' id='word_1_33' title='bbox 472 718 564 755; x_wconf 87' lang='lat' dir='ltr'><strong>viam</strong></span> <span class='ocrx_word' id='word_1_34' title='bbox 586 717 750 761; x_wconf 82' lang='lat' dir='ltr'><strong>flammis,</strong></span> <span class='ocrx_word' id='word_1_35' title='bbox 778 717 968 768; x_wconf 81' lang='lat' dir='ltr'><strong>tenuisque</strong></span> <span class='ocrx_word' id='word_1_36' title='bbox 987 718 1134 754; x_wconf 81' lang='lat' dir='ltr'><strong>recessit</strong></span> 
     </span>
     <span class='ocr_line' id='line_1_7' title="bbox 212 783 1124 833; baseline -0.004 -10"><span class='ocrx_word' id='word_1_37' title='bbox 212 785 416 823; x_wconf 82' lang='lat' dir='ltr'><strong>consumta</strong></span> <span class='ocrx_word' id='word_1_38' title='bbox 434 785 468 821; x_wconf 91' lang='lat' dir='ltr'><strong>in</strong></span> <span class='ocrx_word' id='word_1_39' title='bbox 489 793 615 822; x_wconf 83' lang='lat' dir='ltr'><strong>ventos</strong></span> <span class='ocrx_word' id='word_1_40' title='bbox 633 799 642 822; x_wconf 90' lang='lat'>:</span> <span class='ocrx_word' id='word_1_41' title='bbox 673 783 775 821; x_wconf 91' lang='lat' dir='ltr'><strong>coelo</strong></span> <span class='ocrx_word' id='word_1_42' title='bbox 803 797 870 821; x_wconf 88' lang='lat' dir='ltr'><strong>ceu</strong></span> <span class='ocrx_word' id='word_1_43' title='bbox 891 797 995 833; x_wconf 83' lang='lat' dir='ltr'>saepe</span> <span class='ocrx_word' id='word_1_44' title='bbox 1014 783 1124 819; x_wconf 82' lang='lat' dir='ltr'><strong>refixa</strong></span> 
     </span>
     <span class='ocr_line' id='line_1_8' title="bbox 210 849 1185 901; baseline -0.004 -10"><span class='ocrx_word' id='word_1_45' title='bbox 210 853 484 891; x_wconf 82' lang='lat' dir='ltr'><strong>Transcurrunt</strong></span> <span class='ocrx_word' id='word_1_46' title='bbox 503 852 708 901; x_wconf 82' lang='lat' dir='ltr'><strong>crinemque</strong></span> <span class='ocrx_word' id='word_1_47' title='bbox 726 849 882 887; x_wconf 56' lang='lat' dir='ltr'><strong>volantia</strong></span> <span class='ocrx_word' id='word_1_48' title='bbox 901 851 1015 887; x_wconf 87' lang='lat' dir='ltr'><strong>sidera</strong></span> <span class='ocrx_word' id='word_1_49' title='bbox 1034 851 1185 888; x_wconf 85' lang='lat' dir='ltr'><strong>ducunt.</strong></span> 
     </span>
    </p>

    <p class='ocr_par' dir='ltr' id='par_1_4' title="bbox 184 917 1230 1303">
     <span class='ocr_line' id='line_1_9' title="bbox 184 917 1119 970; baseline -0.005 -12"><span class='ocrx_word' id='word_1_50' title='bbox 184 926 186 928; x_wconf 83' lang='lat'>&#39;</span> <span class='ocrx_word' id='word_1_51' title='bbox 210 920 400 958; x_wconf 85' lang='lat' dir='ltr'><strong>Attonitis</strong></span> <span class='ocrx_word' id='word_1_52' title='bbox 419 920 563 970; x_wconf 85' lang='lat' dir='ltr'><strong>haesere</strong></span> <span class='ocrx_word' id='word_1_53' title='bbox 583 918 720 962; x_wconf 89' lang='lat' dir='ltr'><strong>animis,</strong></span> <span class='ocrx_word' id='word_1_54' title='bbox 741 931 961 967; x_wconf 86' lang='lat' dir='ltr'><strong>superosque</strong></span> <span class='ocrx_word' id='word_1_55' title='bbox 980 917 1119 967; x_wconf 88' lang='lat' dir='ltr'><strong>precati</strong></span> 
     </span>
     <span class='ocr_line' id='line_1_10' title="bbox 209 984 1146 1035; baseline -0.004 -12"><span class='ocrx_word' id='word_1_56' title='bbox 209 986 392 1024; x_wconf 88' lang='lat' dir='ltr'><strong>Trinacrii</strong></span> <span class='ocrx_word' id='word_1_57' title='bbox 413 986 623 1035; x_wconf 77' lang='lat' dir='ltr'><strong>Teucrique</strong></span> <span class='ocrx_word' id='word_1_58' title='bbox 644 984 733 1022; x_wconf 82' lang='lat' dir='ltr'><strong>viri:</strong></span> <span class='ocrx_word' id='word_1_59' title='bbox 763 998 828 1021; x_wconf 87' lang='lat' dir='ltr'><strong>nec</strong></span> <span class='ocrx_word' id='word_1_60' title='bbox 848 984 1022 1020; x_wconf 87' lang='lat' dir='ltr'><strong>maximus</strong></span> <span class='ocrx_word' id='word_1_61' title='bbox 1041 998 1146 1021; x_wconf 87' lang='lat' dir='ltr'><strong>omen</strong></span> 
     </span>
     <span class='ocr_line' id='line_1_11' title="bbox 208 1050 1228 1100; baseline -0.004 -9"><span class='ocrx_word' id='word_1_62' title='bbox 208 1053 358 1091; x_wconf 87' lang='lat' dir='ltr'><strong>Abnuit</strong></span> <span class='ocrx_word' id='word_1_63' title='bbox 379 1053 528 1091; x_wconf 84' lang='lat' dir='ltr'><strong>Aeneas</strong></span> <span class='ocrx_word' id='word_1_64' title='bbox 546 1067 556 1097; x_wconf 82' lang='lat'>3</span> <span class='ocrx_word' id='word_1_65' title='bbox 586 1052 662 1094; x_wconf 89' lang='lat' dir='ltr'><strong>sed,</strong></span> <span class='ocrx_word' id='word_1_66' title='bbox 690 1050 824 1087; x_wconf 83' lang='lat' dir='ltr'><strong>laetum</strong></span> <span class='ocrx_word' id='word_1_67' title='bbox 844 1050 1030 1100; x_wconf 85' lang='lat' dir='ltr'><strong>amplexus</strong></span> <span class='ocrx_word' id='word_1_68' title='bbox 1050 1052 1228 1094; x_wconf 88' lang='lat' dir='ltr'><strong>Acesten,</strong></span> 
     </span>
     <span class='ocr_line' id='line_1_12' title="bbox 209 1117 1107 1167; baseline -0.002 -10"><span class='ocrx_word' id='word_1_69' title='bbox 209 1119 427 1160; x_wconf 82' lang='lat' dir='ltr'><strong>Muneribus</strong></span> <span class='ocrx_word' id='word_1_70' title='bbox 448 1118 610 1156; x_wconf 81' lang='lat' dir='ltr'><strong>cumulat</strong></span> <span class='ocrx_word' id='word_1_71' title='bbox 631 1118 783 1167; x_wconf 77' lang='lat' dir='ltr'><strong>magniS,</strong></span> <span class='ocrx_word' id='word_1_72' title='bbox 811 1131 852 1154; x_wconf 78' lang='lat' dir='ltr'><strong>ac</strong></span> <span class='ocrx_word' id='word_1_73' title='bbox 878 1117 964 1154; x_wconf 79' lang='lat' dir='ltr'><strong>talia</strong></span> <span class='ocrx_word' id='word_1_74' title='bbox 985 1117 1107 1155; x_wconf 84' lang='lat' dir='ltr'><strong>fatur:</strong></span> 
     </span>
     <span class='ocr_line' id='line_1_13' title="bbox 209 1183 1230 1236; baseline -0.003 -13"><span class='ocrx_word' id='word_1_75' title='bbox 209 1187 334 1229; x_wconf 86' lang='lat' dir='ltr'><strong>Sume,</strong></span> <span class='ocrx_word' id='word_1_76' title='bbox 361 1195 492 1236; x_wconf 80' lang='lat' dir='ltr'><strong>patei-3</strong></span> <span class='ocrx_word' id='word_1_77' title='bbox 522 1198 604 1221; x_wconf 80' lang='lat' dir='ltr'><strong>nam</strong></span> <span class='ocrx_word' id='word_1_78' title='bbox 631 1193 666 1221; x_wconf 92' lang='lat' dir='ltr'><strong>te</strong></span> <span class='ocrx_word' id='word_1_79' title='bbox 688 1185 801 1221; x_wconf 84' lang='lat' dir='ltr'><strong>voluit</strong></span> <span class='ocrx_word' id='word_1_80' title='bbox 820 1198 882 1220; x_wconf 85' lang='lat' dir='ltr'><strong>rex</strong></span> <span class='ocrx_word' id='word_1_81' title='bbox 904 1197 1055 1236; x_wconf 83' lang='lat' dir='ltr'><strong>magnus</strong></span> <span class='ocrx_word' id='word_1_82' title='bbox 1076 1183 1230 1234; x_wconf 85' lang='lat' dir='ltr'><strong>Olympi</strong></span> 
     </span>
     <span class='ocr_line' id='line_1_14' title="bbox 205 1251 1083 1303; baseline -0.003 -13"><span class='ocrx_word' id='word_1_83' title='bbox 205 1252 361 1292; x_wconf 87' lang='lat' dir='ltr'><strong>Talibus</strong></span> <span class='ocrx_word' id='word_1_84' title='bbox 376 1252 543 1303; x_wconf 82' lang='lat' dir='ltr'><strong>auspiciis</strong></span> <span class='ocrx_word' id='word_1_85' title='bbox 562 1260 744 1288; x_wconf 86' lang='lat' dir='ltr'><strong>exsortem</strong></span> <span class='ocrx_word' id='word_1_86' title='bbox 764 1251 896 1288; x_wconf 85' lang='lat' dir='ltr'><strong>ducere</strong></span> <span class='ocrx_word' id='word_1_87' title='bbox 916 1251 1083 1288; x_wconf 88' lang='lat' dir='ltr'><strong>honores.</strong></span> 
     </span>
    </p>

    <p class='ocr_par' dir='ltr' id='par_1_5' title="bbox 204 1317 1175 1505">
     <span class='ocr_line' id='line_1_15' title="bbox 207 1317 1148 1370; baseline -0.004 -12"><span class='ocrx_word' id='word_1_88' title='bbox 207 1320 330 1370; x_wconf 80' lang='lat' dir='ltr'><strong>Ipsius</strong></span> <span class='ocrx_word' id='word_1_89' title='bbox 349 1319 538 1357; x_wconf 84' lang='lat' dir='ltr'><strong>Anchisae</strong></span> <span class='ocrx_word' id='word_1_90' title='bbox 559 1318 725 1370; x_wconf 83' lang='lat' dir='ltr'><strong>longaevi</strong></span> <span class='ocrx_word' id='word_1_91' title='bbox 746 1318 817 1355; x_wconf 87' lang='lat' dir='ltr'><strong>hoc</strong></span> <span class='ocrx_word' id='word_1_92' title='bbox 837 1331 966 1355; x_wconf 88' lang='lat' dir='ltr'><strong>munus</strong></span> <span class='ocrx_word' id='word_1_93' title='bbox 985 1317 1148 1361; x_wconf 84' lang='lat' dir='ltr'><strong>habebis,</strong></span> 
     </span>
     <span class='ocr_line' id='line_1_16' title="bbox 206 1384 1175 1437; baseline -0.005 -12"><span class='ocrx_word' id='word_1_94' title='bbox 206 1388 358 1426; x_wconf 89' lang='lat' dir='ltr'><strong>Cratera</strong></span> <span class='ocrx_word' id='word_1_95' title='bbox 375 1387 589 1437; x_wconf 83' lang='lat' dir='ltr'><strong>impressum</strong></span> <span class='ocrx_word' id='word_1_96' title='bbox 609 1385 732 1436; x_wconf 81' lang='lat' dir='ltr'><strong>signiS,</strong></span> <span class='ocrx_word' id='word_1_97' title='bbox 759 1399 867 1434; x_wconf 90' lang='lat' dir='ltr'><strong>quem</strong></span> <span class='ocrx_word' id='word_1_98' title='bbox 887 1384 1070 1421; x_wconf 87' lang='lat' dir='ltr'><strong>Thracius</strong></span> <span class='ocrx_word' id='word_1_99' title='bbox 1088 1385 1175 1421; x_wconf 89' lang='lat' dir='ltr'><strong>olim</strong></span> 
     </span>
     <span class='ocr_line' id='line_1_17' title="bbox 204 1451 1110 1505; baseline -0.006 -13"><span class='ocrx_word' id='word_1_100' title='bbox 204 1453 395 1492; x_wconf 84' lang='lat' dir='ltr'><strong>Anchisae</strong></span> <span class='ocrx_word' id='word_1_101' title='bbox 415 1452 570 1505; x_wconf 87' lang='lat' dir='ltr'><strong>genitori</strong></span> <span class='ocrx_word' id='word_1_102' title='bbox 591 1452 625 1488; x_wconf 93' lang='lat' dir='ltr'><strong>in</strong></span> <span class='ocrx_word' id='word_1_103' title='bbox 646 1465 780 1502; x_wconf 82' lang='lat' dir='ltr'><strong>magno</strong></span> <span class='ocrx_word' id='word_1_104' title='bbox 801 1465 945 1488; x_wconf 87' lang='lat' dir='ltr'><strong>munere</strong></span> <span class='ocrx_word' id='word_1_105' title='bbox 964 1451 1110 1488; x_wconf 65' lang='lat' dir='ltr'><strong>Cisseus}</strong></span> 
     </span>
    </p>

    <p class='ocr_par' dir='ltr' id='par_1_6' title="bbox 205 1519 1225 1637">
     <span class='ocr_line' id='line_1_18' title="bbox 205 1519 1225 1569; baseline -0.001 -11"><span class='ocrx_word' id='word_1_106' title='bbox 205 1521 314 1559; x_wconf 86' lang='lat' dir='ltr'><strong>Ferre</strong></span> <span class='ocrx_word' id='word_1_107' title='bbox 334 1521 388 1557; x_wconf 87' lang='lat' dir='ltr'><strong>sui</strong></span> <span class='ocrx_word' id='word_1_108' title='bbox 408 1520 556 1557; x_wconf 84' lang='lat' dir='ltr'><strong>dederat</strong></span> <span class='ocrx_word' id='word_1_109' title='bbox 575 1527 850 1555; x_wconf 88' lang='lat' dir='ltr'><strong>monumentum</strong></span> <span class='ocrx_word' id='word_1_110' title='bbox 871 1527 908 1555; x_wconf 87' lang='lat' dir='ltr'><strong>et</strong></span> <span class='ocrx_word' id='word_1_111' title='bbox 929 1519 1063 1569; x_wconf 84' lang='lat' dir='ltr'><strong>pignus</strong></span> <span class='ocrx_word' id='word_1_112' title='bbox 1082 1520 1225 1558; x_wconf 81' lang='lat' dir='ltr'><strong>amoris.</strong></span> 
     </span>
     <span class='ocr_line' id='line_1_19' title="bbox 206 1584 1040 1637; baseline -0.004 -13"><span class='ocrx_word' id='word_1_113' title='bbox 206 1587 268 1625; x_wconf 86' lang='lat' dir='ltr'><strong>Sic</strong></span> <span class='ocrx_word' id='word_1_114' title='bbox 287 1585 398 1629; x_wconf 84' lang='lat' dir='ltr'><strong>fatus,</strong></span> <span class='ocrx_word' id='word_1_115' title='bbox 417 1585 534 1637; x_wconf 81' lang='lat' dir='ltr'><strong>cingit</strong></span> <span class='ocrx_word' id='word_1_116' title='bbox 553 1586 721 1622; x_wconf 84' lang='lat' dir='ltr'><strong>viridanti</strong></span> <span class='ocrx_word' id='word_1_117' title='bbox 741 1594 906 1635; x_wconf 71' lang='lat' dir='ltr'><strong>tempora</strong></span> <span class='ocrx_word' id='word_1_118' title='bbox 926 1584 1040 1628; x_wconf 69' lang='lat' dir='ltr'><strong>lauro,</strong></span> 
     </span>
    </p>

    <p class='ocr_par' dir='ltr' id='par_1_7' title="bbox 203 1652 1248 1968">
     <span class='ocr_line' id='line_1_20' title="bbox 203 1652 1248 1704; baseline 0 -12"><span class='ocrx_word' id='word_1_119' title='bbox 203 1654 257 1693; x_wconf 86' lang='lat' dir='ltr'><strong>Et</strong></span> <span class='ocrx_word' id='word_1_120' title='bbox 277 1654 431 1704; x_wconf 86' lang='lat' dir='ltr'><strong>primum</strong></span> <span class='ocrx_word' id='word_1_121' title='bbox 453 1653 534 1690; x_wconf 78' lang='lat' dir='ltr'><strong>ante</strong></span> <span class='ocrx_word' id='word_1_122' title='bbox 555 1652 670 1689; x_wconf 85' lang='lat' dir='ltr'><strong>omnis</strong></span> <span class='ocrx_word' id='word_1_123' title='bbox 689 1653 863 1689; x_wconf 80' lang='lat' dir='ltr'><strong>victorem</strong></span> <span class='ocrx_word' id='word_1_124' title='bbox 884 1652 1046 1702; x_wconf 85' lang='lat' dir='ltr'><strong>appellat</strong></span> <span class='ocrx_word' id='word_1_125' title='bbox 1067 1654 1248 1692; x_wconf 81' lang='lat' dir='ltr'><strong>Acesten.</strong></span> 
     </span>
     <span class='ocr_line' id='line_1_21' title="bbox 204 1719 1118 1769; baseline -0.003 -11"><span class='ocrx_word' id='word_1_126' title='bbox 204 1721 285 1759; x_wconf 88' lang='lat' dir='ltr'><strong>Nec</strong></span> <span class='ocrx_word' id='word_1_127' title='bbox 304 1720 421 1757; x_wconf 85' lang='lat' dir='ltr'><strong>bonus</strong></span> <span class='ocrx_word' id='word_1_128' title='bbox 444 1720 628 1769; x_wconf 81' lang='lat' dir='ltr'><strong>Eurytion</strong></span> <span class='ocrx_word' id='word_1_129' title='bbox 648 1719 808 1769; x_wconf 72' lang='lat' dir='ltr'><strong>praelato</strong></span> <span class='ocrx_word' id='word_1_130' title='bbox 829 1719 956 1756; x_wconf 90' lang='lat' dir='ltr'><strong>invidit</strong></span> <span class='ocrx_word' id='word_1_131' title='bbox 975 1719 1118 1764; x_wconf 88' lang='lat' dir='ltr'><strong>honori,</strong></span> 
     </span>
     <span class='ocr_line' id='line_1_22' title="bbox 204 1772 1091 1839; baseline -0.002 -15"><span class='ocrx_word' id='word_1_132' title='bbox 204 1787 380 1839; x_wconf 80' lang='lat' dir='ltr'><strong>Quamvis</strong></span> <span class='ocrx_word' id='word_1_133' title='bbox 400 1786 498 1824; x_wconf 90' lang='lat' dir='ltr'><strong>solus</strong></span> <span class='ocrx_word' id='word_1_134' title='bbox 517 1800 616 1822; x_wconf 85' lang='lat' dir='ltr'><strong>avem</strong></span> <span class='ocrx_word' id='word_1_135' title='bbox 637 1785 740 1823; x_wconf 80' lang='lat' dir='ltr'><strong>coelo</strong></span> <span class='ocrx_word' id='word_1_136' title='bbox 760 1786 892 1837; x_wconf 86' lang='lat' dir='ltr'><strong>dejecit</strong></span> <span class='ocrx_word' id='word_1_137' title='bbox 912 1786 956 1823; x_wconf 91' lang='lat' dir='ltr'><strong>ab</strong></span> <span class='ocrx_word' id='word_1_138' title='bbox 976 1786 1064 1823; x_wconf 86' lang='lat' dir='ltr'><strong>alto.</strong></span> <span class='ocrx_word' id='word_1_139' title='bbox 1086 1772 1091 1777; x_wconf 43' lang='lat'><em>¹</em></span> 
     </span>
     <span class='ocr_line' id='line_1_23' title="bbox 204 1851 1142 1904; baseline -0.002 -12"><span class='ocrx_word' id='word_1_140' title='bbox 204 1854 398 1893; x_wconf 89' lang='lat' dir='ltr'><strong>Proximus</strong></span> <span class='ocrx_word' id='word_1_141' title='bbox 417 1853 620 1904; x_wconf 88' lang='lat' dir='ltr'><strong>ingreditur</strong></span> <span class='ocrx_word' id='word_1_142' title='bbox 639 1852 755 1895; x_wconf 87' lang='lat' dir='ltr'><strong>donis,</strong></span> <span class='ocrx_word' id='word_1_143' title='bbox 777 1851 838 1902; x_wconf 90' lang='lat' dir='ltr'><strong>qui</strong></span> <span class='ocrx_word' id='word_1_144' title='bbox 855 1852 995 1889; x_wconf 82' lang='lat' dir='ltr'><strong>vincula</strong></span> <span class='ocrx_word' id='word_1_145' title='bbox 1014 1854 1112 1902; x_wconf 86' lang='lat' dir='ltr'><strong>rupit</strong></span> <span class='ocrx_word' id='word_1_146' title='bbox 1131 1869 1142 1898; x_wconf 92' lang='lat'>;</span> 
     </span>
     <span class='ocr_line' id='line_1_24' title="bbox 204 1918 1114 1968; baseline -0.003 -10"><span class='ocrx_word' id='word_1_147' title='bbox 204 1921 418 1962; x_wconf 86' lang='lat' dir='ltr'><strong>Extremus,</strong></span> <span class='ocrx_word' id='word_1_148' title='bbox 437 1919 574 1956; x_wconf 84' lang='lat' dir='ltr'><strong>volucri</strong></span> <span class='ocrx_word' id='word_1_149' title='bbox 595 1919 657 1968; x_wconf 90' lang='lat' dir='ltr'><strong>qui</strong></span> <span class='ocrx_word' id='word_1_150' title='bbox 679 1919 757 1956; x_wconf 85' lang='lat' dir='ltr'><strong>[ixit</strong></span> <span class='ocrx_word' id='word_1_151' title='bbox 777 1919 949 1955; x_wconf 84' lang='lat' dir='ltr'><strong>arundine</strong></span> <span class='ocrx_word' id='word_1_152' title='bbox 968 1918 1114 1955; x_wconf 88' lang='lat' dir='ltr'><strong>malum.</strong></span> 
     </span>
    </p>

    <p class='ocr_par' dir='ltr' id='par_1_8' title="bbox 200 1984 1248 2306">
     <span class='ocr_line' id='line_1_25' title="bbox 256 1984 1168 2037; baseline -0.001 -13"><span class='ocrx_word' id='word_1_153' title='bbox 256 1988 318 2024; x_wconf 91' lang='lat' dir='ltr'><strong>At</strong></span> <span class='ocrx_word' id='word_1_154' title='bbox 337 1996 441 2037; x_wconf 85' lang='lat' dir='ltr'><strong>pater</strong></span> <span class='ocrx_word' id='word_1_155' title='bbox 460 1986 624 2030; x_wconf 85' lang='lat' dir='ltr'><strong>Aeneas,</strong></span> <span class='ocrx_word' id='word_1_156' title='bbox 656 1986 816 2022; x_wconf 86' lang='lat' dir='ltr'><strong>nondum</strong></span> <span class='ocrx_word' id='word_1_157' title='bbox 836 1984 1028 2022; x_wconf 82' lang='lat' dir='ltr'><strong>certamine</strong></span> <span class='ocrx_word' id='word_1_158' title='bbox 1048 1986 1168 2029; x_wconf 83' lang='lat' dir='ltr'><strong>misso,</strong></span> 
     </span>
     <span class='ocr_line' id='line_1_26' title="bbox 202 2051 1150 2103; baseline -0.005 -11"><span class='ocrx_word' id='word_1_159' title='bbox 202 2054 422 2097; x_wconf 82' lang='lat' dir='ltr'><strong>Custodem,</strong></span> <span class='ocrx_word' id='word_1_160' title='bbox 441 2053 487 2089; x_wconf 83' lang='lat' dir='ltr'><strong>ad</strong></span> <span class='ocrx_word' id='word_1_161' title='bbox 507 2066 596 2096; x_wconf 84' lang='lat' dir='ltr'><strong>sese,</strong></span> <span class='ocrx_word' id='word_1_162' title='bbox 624 2052 869 2103; x_wconf 84' lang='lat' dir='ltr'><strong>comitemque</strong></span> <span class='ocrx_word' id='word_1_163' title='bbox 889 2051 1044 2100; x_wconf 88' lang='lat' dir='ltr'><strong>impubis</strong></span> <span class='ocrx_word' id='word_1_164' title='bbox 1066 2052 1150 2095; x_wconf 78' lang='lat' dir='ltr'><strong>Iuli,</strong></span> 
     </span>
     <span class='ocr_line' id='line_1_27' title="bbox 201 2118 1138 2170; baseline -0.003 -12"><span class='ocrx_word' id='word_1_165' title='bbox 201 2119 389 2170; x_wconf 82' lang='lat' dir='ltr'><strong>Epytiden</strong></span> <span class='ocrx_word' id='word_1_166' title='bbox 411 2129 528 2163; x_wconf 79' lang='lat' dir='ltr'><strong>vocat,</strong></span> <span class='ocrx_word' id='word_1_167' title='bbox 551 2127 588 2155; x_wconf 90' lang='lat' dir='ltr'><strong>et</strong></span> <span class='ocrx_word' id='word_1_168' title='bbox 609 2119 715 2155; x_wconf 84' lang='lat' dir='ltr'><strong>fidam</strong></span> <span class='ocrx_word' id='word_1_169' title='bbox 736 2119 786 2155; x_wconf 89' lang='lat' dir='ltr'><strong>sic</strong></span> <span class='ocrx_word' id='word_1_170' title='bbox 806 2118 906 2155; x_wconf 79' lang='lat' dir='ltr'><strong>fatur</strong></span> <span class='ocrx_word' id='word_1_171' title='bbox 925 2118 967 2154; x_wconf 84' lang='lat' dir='ltr'><strong>ad</strong></span> <span class='ocrx_word' id='word_1_172' title='bbox 989 2132 1110 2155; x_wconf 77' lang='lat' dir='ltr'><strong>aurem</strong></span> <span class='ocrx_word' id='word_1_173' title='bbox 1128 2134 1138 2155; x_wconf 76' lang='grc' dir='ltr'><strong><em>ε</em></strong></span> 
     </span>
     <span class='ocr_line' id='line_1_28' title="bbox 201 2184 1148 2238; baseline -0.003 -14"><span class='ocrx_word' id='word_1_174' title='bbox 201 2188 308 2225; x_wconf 84' lang='lat' dir='ltr'><strong>Vade</strong></span> <span class='ocrx_word' id='word_1_175' title='bbox 327 2200 408 2238; x_wconf 86' lang='lat' dir='ltr'><strong>age,</strong></span> <span class='ocrx_word' id='word_1_176' title='bbox 429 2195 467 2223; x_wconf 87' lang='lat' dir='ltr'><strong>et</strong></span> <span class='ocrx_word' id='word_1_177' title='bbox 486 2185 667 2229; x_wconf 84' lang='lat' dir='ltr'><strong>Ascanio,</strong></span> <span class='ocrx_word' id='word_1_178' title='bbox 685 2184 715 2221; x_wconf 87' lang='lat' dir='ltr'><strong>si</strong></span> <span class='ocrx_word' id='word_1_179' title='bbox 731 2187 804 2236; x_wconf 90' lang='lat' dir='ltr'><strong>jam</strong></span> <span class='ocrx_word' id='word_1_180' title='bbox 825 2184 961 2235; x_wconf 87' lang='lat' dir='ltr'><strong>puerile</strong></span> <span class='ocrx_word' id='word_1_181' title='bbox 981 2195 1148 2235; x_wconf 80' lang='lat' dir='ltr'><strong>paratum</strong></span> 
     </span>
     <span class='ocr_line' id='line_1_29' title="bbox 200 2251 1248 2306; baseline -0.001 -15"><span class='ocrx_word' id='word_1_182' title='bbox 200 2254 352 2306; x_wconf 78' lang='lat' dir='ltr'><strong>Agmen</strong></span> <span class='ocrx_word' id='word_1_183' title='bbox 371 2253 482 2291; x_wconf 76' lang='lat' dir='ltr'><strong>habet</strong></span> <span class='ocrx_word' id='word_1_184' title='bbox 502 2265 637 2297; x_wconf 86' lang='lat' dir='ltr'><strong>secum,</strong></span> <span class='ocrx_word' id='word_1_185' title='bbox 657 2264 856 2302; x_wconf 86' lang='lat' dir='ltr'><strong>cursusque</strong></span> <span class='ocrx_word' id='word_1_186' title='bbox 870 2251 1041 2290; x_wconf 85' lang='lat' dir='ltr'><strong>iustruxit</strong></span> <span class='ocrx_word' id='word_1_187' title='bbox 1055 2266 1248 2304; x_wconf 60' lang='lat' dir='ltr'><strong>equorum,¹</strong></span> 
     </span>
    </p>
   </div>
  </div>
 </body>
</html>
