1455 2685
187 321 262 356 184
474 308 775 369 AENEmos
832 319 884 356 x.
1088 333 1120 357 v.
1139 322 1228 358 856.

183 429 258 466 Sed
271 429 443 479 linquam.
498 430 626 475 Simul,
639 430 710 467 hoc
724 430 859 474 dicens,
876 429 1014 466 attollit
1030 429 1063 466 in
1079 443 1229 481 aegrum

183 496 231 533 Se
251 495 395 542 femur3
425 505 476 540 et,
505 511 725 547 quamquam
746 498 797 534 vis
817 496 891 534 alto
912 496 1056 534 volnere
1076 497 1213 541 tardat,

180 562 301 600 Haud
314 563 487 614 dejectus,
502 577 638 613 equum
654 563 738 600 duci
754 564 872 614 jubet.
931 563 1022 601 Hoc
1039 563 1151 601 decus
1162 563 1228 608 illi,

181 628 272 665 Hoc
293 628 448 666 solamen
468 640 569 666 erat:
600 629 704 666 bellis
724 630 796 666 hoc
818 629 936 666 victor
954 631 1078 666 abibat

181 695 377 733 Omnibus.
433 695 656 744 Alloquitur
676 705 912 740 moerentem,
928 705 964 732 et
979 695 1112 732 talibus
1127 695 1225 733 infit:

237 763 405 806 Rhoebe,
428 762 504 806 diu,
523 775 578 799 res
599 762 626 799 si
647 775 718 811 qua
741 762 802 799 diu
822 762 1036 800 mortalibus
1055 762 1127 799 ulla
1145 771 1216 806 est,

178 829 360 866 Viximus.
420 830 502 866 Aut
523 828 634 865 hodie
655 829 772 865 victor
792 828 907 878 spolia
927 829 986 865 illa
1006 838 1170 872 cruenta,

178 896 232 933 Et
252 904 364 945 caput
385 896 547 939 Aeneae,
576 894 722 939 referes,
752 895 943 945 Lausique
964 895 1133 932 dolorum

178 962 294 1000 Ultor
313 961 381 998 eris
401 975 543 998 mecum
563 977 573 1007 3
603 971 680 1006 aut,
709 962 827 1011 aperit
848 961 876 998 si
896 960 992 998 nulla
1012 961 1103 997 viam
1122 961 1188 1005 vis,

179 1030 390 1068 occumbes
403 1030 551 1079 pariter.
600 1029 732 1078 Neque
748 1029 855 1074 enim,
876 1027 1085 1073 fortissime,
1102 1029 1227 1073 credo,

176 1097 282 1134 Jussa
301 1096 416 1133 aliena
435 1096 511 1145 pati
530 1106 567 1132 et
589 1095 755 1132 dominos
775 1095 971 1146 dignabere
991 1095 1173 1132 Teuc-ros.

177 1163 290 1201 Dixit
306 1179 316 1207 ;
347 1172 382 1199 et
403 1174 581 1213 exceptus
601 1173 708 1213 tergo
726 1173 899 1199 consueta
918 1162 1054 1199 locavit

177 1229 360 1274 Membra,
391 1243 590 1279 manusque
610 1230 733 1266 ambas
749 1228 879 1281 jaculis
899 1228 1061 1266 oneravit
1082 1229 1214 1273 acutis,

177 1296 280 1333 Aere
300 1305 414 1346 caput
434 1296 593 1347 fulgens,
622 1296 806 1346 cristaque
829 1296 990 1333 hirsutus
1010 1296 1154 1346 equina.

178 1363 239 1400 Sic
256 1377 402 1399 cursum
414 1362 448 1398 in
463 1363 599 1400 medios
613 1362 759 1413 rapidus
775 1363 890 1399 dedit.
921 1363 1086 1399 Aestuat
1101 1364 1226 1414 ingens

183 1431 271 1467 Uno
291 1430 325 1466 in
346 1430 455 1466 corde
475 1430 609 1480 pudor,
639 1429 828 1479 mixtoque
849 1430 982 1466 insania
1000 1429 1119 1473 luctu,

180 1499 257 1547 [Et
279 1497 397 1535 Furiis
417 1497 579 1548 agitatus
599 1510 712 1541 amor,
741 1506 778 1534 et
798 1497 943 1533 conscia
962 1497 1076 1534 virtus
1091 1499 1127 1546 ς]

174 1564 308 1614 Atque
331 1565 391 1601 hie
414 1566 566 1602 Aenean
587 1578 720 1615 magna
740 1573 796 1601 ter
814 1578 902 1601 voce
923 1564 1077 1602 vocavit.

227 1632 377 1669 Aeneas
397 1630 546 1681 agnovit
566 1631 674 1674 enim,
703 1630 892 1680 laetusque
912 1640 1086 1680 precatur
1103 1645 1113 1668 :

176 1697 237 1734 Sic
257 1707 362 1747 pater
381 1697 439 1733 ille
458 1697 566 1734 deum
585 1697 709 1743 faciat,
739 1698 788 1734 sic
809 1697 905 1734 altus
925 1696 1087 1747 Apollo,

175 1763 335 1813 Incipias
351 1762 518 1800 conferre
539 1777 698 1802 manum.

173 1832 338 1868 Tantum
358 1829 488 1866 effatus
507 1846 516 1875 ς
546 1840 585 1866 et
605 1830 735 1867 infesta
756 1830 852 1867 subit
873 1831 1000 1867 obvius
1019 1831 1134 1868 hasta.

173 1897 240 1935 Ele
260 1907 408 1935 autem:
441 1897 544 1948 Quid
564 1911 634 1943 me,
663 1907 805 1947 erepto,
835 1898 1047 1943 saevissime,
1077 1907 1177 1943 nato,

173 1964 305 2001 Terres
322 1965 333 2001 ἒ
363 1965 452 2001 haec
466 1965 523 2000 via
542 1964 617 2001 sola
637 1964 721 2008 fuit,
751 1978 823 2014 qua
842 1965 992 2015 perdere
1013 1978 1150 2015 posses.

172 2030 252 2068 Nec
270 2040 426 2068 mortem
447 2030 649 2077 horremus,
681 2045 744 2068 nec
766 2032 885 2068 divom
907 2032 1087 2081 parcimus
1108 2030 1184 2068 ulli.

171 2098 322 2136 Desine.
379 2098 461 2135 Jam
481 2098 586 2134 venio
607 2098 817 2143 moriturus,
847 2109 882 2135 et
903 2099 990 2136 haec
1021 2099 1088 2135 tibi
1110 2107 1220 2148 porto

172 2167 284 2203 Dona
303 2165 414 2215 prius.
445 2165 583 2210 Dixit;
606 2164 792 2215 telumque
813 2165 956 2202 intorsit
978 2165 1011 2202 in
1033 2164 1201 2202 hostem:

171 2233 262 2270 lude
282 2231 379 2269 aliud
399 2246 519 2281 super,
548 2241 660 2283 atque
680 2232 792 2277 aliud,
822 2233 990 2284 figitque,
1021 2232 1201 2283 volatque-
