1455 2685
1103 342 1129 378 [ὓ
1109 329 1131 334 .'

1133 343 1162 378 μ’)

1162 340 1184 377 »31

132 338 165 380 ν’.
188 343 273 381 159.
452 328 754 381 A‘ENm'D'os
812 329 911 380 ΧΠ.

131 454 286 492 Auctor
303 468 373 505 ego
394 455 561 493 audendi.
595 456 656 493 Sic
677 454 887 498 exhortata,
907 453 1055 503 reliquit

133 521 329 566 Incertam,
349 530 387 559 et
407 522 503 559 tristi
523 522 707 559 turbatam
727 521 871 558 volnere
891 520 1036 558 mentis.

187 591 330 627 Interea
350 602 467 640 reges,
487 589 627 640 ingenti
640 586 736 626 tnole
756 589 913 626 Latinus

133 655 366 706 Quadrijugo
386 655 530 691 vehitur
549 669 672 699 curru,
692 655 750 692 cui
770 656 935 705 tempora
954 654 1093 692 circum·

131 722 271 759 Aurati
293 722 346 758 bis
367 735 428 759 sex
450 722 537 758 radii
557 721 737 772 fulgentia
757 722 926 773 cingunt,

134 787 230 826 Solis
249 788 304 824 avi
325 787 506 837 specimen
526 804 536 833 ;
567 788 662 840 bigis
683 789 711 825 it
732 788 883 826 Turnus
902 789 936 824 in
957 788 1059 832 albis,

134 854 226 891 Bina
245 865 352 891 manu
372 854 448 891 lato
468 855 630 904 crispans
649 855 791 892 hastilia
810 855 920 892 ferro.

134 919 238 957 Hine
259 930 365 970 pater
385 920 545 964 Aeneas,
570 920 753 958 Romanae
773 922 892 971 stirpis
911 922 1031 972 origo,

133 986 284 1024 Sidereo
306 987 462 1038 flagrans
482 986 601 1037 clipeo
621 996 658 1024 et
678 987 896 1025 coelestibus
916 989 1035 1033 armis,

132 1053 186 1090 Et
201 1055 308 1104 juxta
328 1053 527 1098 Ascanius,
548 1067 699 1104 magnae
720 1068 800 1104 spes
821 1055 933 1092 altera
957 1055 1110 1101 Romae,

133 1119 343 1157 Procedunt
363 1119 489 1157 castris
507 1134 516 1157 :
547 1133 710 1169 puraque
730 1121 765 1156 in
787 1130 884 1158 veste
908 1122 1076 1159 sacerdos

134 1187 291 1238 Setigeri
312 1186 428 1224 fetum
449 1187 535 1230 suis,
554 1187 804 1237 intonsamque
824 1188 1024 1232 bidentem,

132 1254 297 1299 Attulit,
318 1254 552 1304 admovitque
574 1267 684 1305 pecus
705 1254 945 1305 flagrantibus
966 1256 1051 1292 ari50‘

134 1321 209 1364 Illi,
230 1321 276 1358 ad
297 1329 507 1372 surgentem
527 1321 689 1357 conversi
709 1321 843 1358 lumina
863 1322 987 1366 solem,

132 1388 240 1425 Dant
260 1386 385 1439 fruges
405 1388 570 1424 manibus
591 1386 713 1432 salsas,
742 1396 779 1424 et
798 1396 964 1438 tempora
982 1388 1077 1426 ferro

135 1455 286 1492 Summa
306 1464 436 1492 notant
456 1454 654 1505 pecudum,
684 1456 892 1506 paterisque
912 1456 1036 1494 altaria
1054 1457 1183 1495 libant.

184 1521 287 1561 Tum
306 1523 388 1573 pius
409 1523 558 1560 Aeneas
578 1521 709 1559 stricto
730 1523 780 1560 sic
800 1538 882 1561 ense
902 1535 1075 1574 precatur
1092 1540 1101 1563 ε

134 1589 230 1626 Esto
250 1602 345 1626 nunc
368 1587 432 1627 Sol
451 1589 569 1632 testis,
589 1598 626 1625 et
647 1589 735 1625 haec
756 1589 843 1626 mihi
863 1590 980 1627 Terra
999 1592 1157 1636 vocanti,

133 1657 256 1705 Quam
277 1658 430 1705 Propter
447 1664 570 1692 tantos
590 1656 695 1704 potui
715 1655 875 1706 perferre
893 1656 1046 1702 labores,

134 1721 187 1758 Et
208 1729 313 1771 pater
329 1721 576 1771 omnipotens,
606 1730 644 1758 et
664 1731 705 1759 tu
730 1723 898 1760 Saturnia
917 1724 1028 1768 Juno,
1067 1727 1186 1775 [vors,

132 1787 214 1826 J'am
235 1787 375 1832 melior,
392 1790 480 1839 jam,
501 1788 595 1832 diva,
616 1802 773 1838 precor;
795 1798 924 1839 tuque,
948 1790 1083 1828 inclute
1103 1791 1188 1829 Ma-

132 1853 279 1891 Cuncta
298 1862 364 1891 tuo
385 1855 448 1904 qui
468 1854 575 1898 bella,
595 1864 714 1905 pater,
735 1857 801 1893 sub
818 1857 964 1894 numine
979 1866 1129 1907 torques
1147 1873 1158 1903 ς

135 1920 351 1970 Fontisque‚
375 1919 609 1972 Fluviosque,
630 1936 736 1966 voco,
753 1937 918 1973 quaeque
934 1924 1089 1961 aetheris
1104 1924 1168 1962 alti

137 1985 299 2036 Religio,
318 1995 356 2023 et
377 1999 469 2036 quae
487 1987 654 2025 caeruleo
676 1999 758 2026 sunt
780 1991 924 2026 numina
946 2000 1086 2040 ponto:

134 2053 294 2092 cesserit
315 2054 486 2091 Ausonio
507 2054 535 2091 si
555 2054 629 2092 fors
652 2056 803 2093 victoria
823 2057 968 2102 Turno,

135 2119 331 2164 Convenit,
353 2120 513 2158 Evandri
534 2121 650 2159 victos
671 2122 853 2161 discedere
874 2125 918 2161 ad
939 2126 1091 2171 urbem3

136 2186 255 2224 Cedet
278 2185 380 2223 Iulus
399 2188 494 2239 agris
512 2203 522 2233 ;
553 2202 619 2226 nec
640 2198 724 2239 post
747 2203 843 2227 arma
864 2191 937 2228 ulla
957 2192 1108 2229 rebelles

138 2252 337 2290 Aeneadae
358 2253 529 2300 referent,
550 2254 689 2293 ferrove
709 2257 800 2295 haec
820 2272 932 2310 regna
950 2258 1144 2298 lacessent.-

191 2318 309 2358 Tom.
333 2320 390 2358 ΙΙ.
664 2323 694 2360 F
715 2322 735 2358 f
