1455 2685
260 319 341 359 210
553 316 855 356 AENEIDOS
911 316 988 355 XI.
1169 332 1204 356 v.
1219 321 1311 359 663.

264 430 435 470 Feminea
453 429 637 468 exsultant
657 429 789 467 lunatis
807 429 953 481 agmina
976 427 1098 480 peltis.

289 499 413 549 Quem
424 497 498 536 telo
510 498 795 548 primum,quem
808 506 1181 547 postremum,aspera
1195 495 1315 548 virgo,

261 564 432 617 Dejicis?
460 573 522 603 aut
543 573 636 615 quot
654 564 757 601 humi
777 564 969 601 morientia
989 577 1144 614 corpora
1162 563 1285 602 fundis
1302 565 1316 603 ?

262 633 455 672 Eunaeum
476 631 602 682 Clytio
622 631 779 682 primum
799 640 902 682 patre
921 645 931 668 ε
963 632 1066 682 cujus
1093 641 1262 682 apertum

260 700 423 739 Adversi
442 699 552 750 longa
571 698 838 735 transverberat
857 698 979 735 abiete
998 707 1141 748 pectus.

266 766 461 818 Sanguinis
481 765 540 802 ille
558 778 706 802 vomens
726 764 821 801 rivos
840 764 954 809 cadit,
982 776 1092 815 atque
1110 775 1299 803 cruentam

262 832 411 871 Mandit
426 832 591 876 humum,
605 831 834 881 moriensque
849 845 914 868 suo
927 844 964 869 se
978 831 1014 868 in
1024 831 1168 869 volnere
1180 840 1312 870 versat.

261 899 364 938 Tum
380 899 511 942 Lirim,
520 899 775 950 Pagasumque
788 911 913 948 super:
929 912 1085 948 quorum
1093 898 1315 943 alter,habe-

267 966 432 1005 Suffosso
452 965 637 1003 revolutus
655 979 752 1016 equo
779 965 866 1002 dum
888 964 1043 1016 colligit,
1064 965 1168 1010 alter,
1226 969 1311 1016 [nas

260 1033 367 1072 Dum
387 1033 499 1077 subit,
528 1047 568 1070 ac
589 1032 754 1069 dextram
773 1031 910 1069 labenti
928 1031 1047 1069 tendit
1074 1032 1259 1077 inermem,

261 1101 485 1151 Praecipites
497 1099 704 1151 pariterque
719 1107 844 1136 ruunt.
887 1099 961 1137 His
977 1099 1079 1136 addit
1093 1101 1313 1138 Amastrum

260 1167 506 1218 Hippotaden
522 1183 532 1213 ;
562 1167 800 1217 sequiturque
819 1166 1034 1203 incumbens
1052 1166 1192 1203 eminus
1207 1167 1313 1204 hasta

261 1234 469 1285 Tereaque,
479 1232 826 1284 Harpalycumque,
833 1242 870 1270 et
877 1232 1186 1283 Demophoonta,
1193 1232 1314 1272 Chro-

473 1300 633 1350 mimque
650 1314 661 1338 :

262 1369 456 1419 Quotque,
475 1367 604 1405 emissa
623 1380 744 1411 manu,
763 1366 943 1404 contorsit
963 1366 1102 1417 spicula
1121 1367 1240 1418 virgo,

258 1435 340 1473 Tot
361 1435 516 1486 Phrygii
535 1434 699 1472 cecidere
717 1433 795 1472 viri.
854 1433 990 1472 Procul
1006 1433 1176 1485 Ornytus
1203 1433 1309 1471 armis

260 1502 406 1553 Ignotis
425 1510 462 1539 et
482 1515 580 1552 equo
599 1510 749 1538 venator
769 1501 914 1552 Iapyge
933 1499 1050 1537 fertur
1066 1515 1076 1538 :

261 1568 333 1606 Cui
348 1568 452 1618 pellis
471 1567 566 1605 latos
585 1568 770 1612 humeros,
797 1577 924 1618 erepta
937 1569 1109 1619 juvenco,

261 1635 470 1685 Pugnatori
489 1635 610 1684 operit
627 1650 638 1679 ;
668 1644 781 1685 caput
799 1635 928 1686 ingens
948 1634 1020 1671 oris
1039 1634 1161 1671 hiatus

268 1701 321 1740 Et
343 1701 457 1738 malae
476 1710 600 1738 texere
620 1700 699 1751 lupi
719 1715 803 1738 cum
824 1701 996 1738 dentibus
1015 1700 1121 1745 albis,

260 1758 512 1820 Agrestisque
532 1781 658 1805 manus
678 1776 792 1804 armat
813 1781 965 1817 sparus:
996 1767 1073 1817 ipse
1093 1767 1245 1805 catervis

260 1835 432 1873 Vertitur
450 1835 486 1871 in
506 1834 648 1878 mediis,
675 1844 714 1871 et
736 1842 818 1871 toto
838 1834 973 1871 vertice
994 1847 1102 1882 supra
1120 1842 1189 1871 est.

259 1902 377 1940 Hunc
392 1900 452 1938 illa
462 1910 673 1951 exceptum,
685 1914 802 1950 neque
814 1900 908 1937 enim
920 1900 1025 1937 labor
1037 1900 1179 1950 agmine
1193 1914 1309 1946 verso,
1338 1928 1345 1934 .

259 1967 418 2019 Trajicit
435 1983 446 2013 ;
475 1976 512 2005 et
533 1981 641 2018 super
658 1967 748 2005 haec
768 1967 913 2004 inimico
932 1976 1082 2017 pectore
1102 1966 1202 2004 fatur
1217 1983 1229 2007 ε

261 2034 369 2073 Silvis
389 2043 438 2078 te,
469 2033 676 2085 Tyrrhene‚
707 2034 800 2072 feras
819 2035 958 2086 agitare
981 2033 1118 2085 putasti
1137 2034 1150 2071 ἓ

258 2101 429 2140 Advenit
449 2101 512 2151 qui
533 2110 651 2138 vestra
671 2100 745 2138 dies
765 2100 1001 2138 muliebribus
1020 2100 1126 2137 armis

257 2169 383 2206 Verba
397 2168 636 2219 redarguerit.
658 2168 804 2206 Nomen
814 2177 948 2212 tamen,
961 2168 1059 2204 haud
1067 2167 1310 2218 leve,patrum

258 2235 434 2274 Manibus
449 2235 522 2272 hoc
537 2234 682 2280 referes,
699 2235 774 2273 telo
789 2234 961 2274 cecidisse
977 2234 1162 2274 Camillae.
1185 2237 1310 2287 [crum

292 2301 472 2340 Protenus
491 2300 741 2349 Orsilochum,
756 2310 794 2340 et
809 2301 944 2348 Buten,
960 2300 1033 2339 duo
1046 2299 1310 2339 maximaTeu-
