1455 2685
205 302 240 326 v.
259 287 351 328 327.
518 285 819 325 AENEIDOS
878 288 953 325 IX.
1182 291 1257 329 135

210 398 294 437 Rex
313 397 425 442 idem,
452 405 490 435 et
510 397 586 449 regi
607 397 738 435 Turno
758 397 984 449 gratissimus
1004 411 1145 450 augur:

207 465 281 502 Sed
297 478 368 501 non
388 463 542 515 augurio
561 464 685 514 potuit
705 463 885 514 depellere
906 472 1059 513 pestem.

205 529 292 568 Tris
306 531 414 581 juxta
440 529 608 574 famulos,
627 539 762 568 temere
781 529 875 567 inter
894 529 966 566 tela
981 531 1149 581 jacentis,

152 611 159 615 Α
204 596 518 647 Armigerumque
533 596 653 641 Remi,
669 597 814 646 premit,
830 597 1079 647 aurigamque,
1093 597 1158 634 sub
1171 597 1257 647 ipsis

207 663 348 700 Nactus
367 662 470 713 equis
488 678 498 708 ;
531 662 699 713 ferroque
719 671 817 700 secat
837 663 1030 714 pendentia
1049 662 1142 700 colla
1159 678 1169 700 ε

204 728 305 766 Tum
318 739 429 779 caput
441 728 508 779 ipsi
523 729 640 767 aufert
653 731 814 775 domino,
826 739 1070 781 truncumque
1083 729 1257 779 relinquit

207 795 393 846 Sanguine
415 795 699 847 singultantem:
732 807 812 834 atro
833 797 1017 848 tepefacta
1037 811 1182 841 cruore,

203 862 335 907 Terra,
367 862 512 913 torique
540 864 700 901 madent.
750 864 830 901 Nec
855 878 926 901 non
961 865 1253 915 Lamyrumque,

420 930 664 981 Lamumque,

206 998 259 1036 Et
275 1000 443 1051 juvenem
465 1000 673 1043 Sarranum,
700 998 761 1036 illa
780 998 842 1049 qui
862 999 1016 1049 plurima
1039 1008 1148 1036 nocte

206 1064 378 1110 Luserat,
407 1066 556 1117 insignis
576 1065 681 1110 facie,
710 1066 899 1116 multoque
922 1066 1069 1117 jacebat

205 1132 375 1171 Membra
393 1134 462 1170 deo
482 1133 597 1170 victus
615 1148 625 1170 :
658 1132 755 1177 felix,
777 1134 804 1170 si
824 1142 999 1183 protenus
1018 1132 1121 1169 illum

205 1201 413 1251 Aequasset
434 1200 534 1237 nocti
554 1199 693 1243 ludum,
713 1200 748 1236 in
768 1199 958 1250 lucemque
978 1200 1133 1237 tulisset.

204 1267 391 1317 Impastus
410 1280 478 1304 ceu
497 1266 603 1317 plena
624 1266 681 1303 leo
702 1280 767 1316 per
785 1266 890 1303 ovilia
910 1266 1059 1304 turbans
1079 1281 1089 1311 ;

206 1335 344 1372 Suadet
362 1334 457 1373 enim
478 1347 603 1371 vesana
624 1334 759 1379 fames;
790 1333 1001 1383 manditque
1026 1332 1212 1382 trahitque

205 1400 323 1439 Molle
342 1414 466 1451 pecus,
486 1410 700 1450 mutumque
721 1409 818 1437 metu
838 1416 848 1446 ;
870 1400 990 1437 fremit
1009 1414 1071 1437 ore
1090 1408 1254 1437 cruento,

207 1468 288 1506 Nec
309 1468 426 1506 minor
446 1467 599 1518 Euryali
619 1468 745 1505 caedes
763 1483 772 1505 ε
803 1467 967 1504 incensus
986 1476 1023 1504 et
1044 1467 1120 1517 ipse

207 1534 367 1572 Perfurit
385 1550 396 1580 ς
417 1548 457 1572 ac
479 1535 630 1572 multam
649 1536 683 1572 in
705 1534 824 1572 medio
845 1535 917 1571 sine
937 1534 1078 1571 nomine
1098 1533 1254 1584 plebem,

208 1601 435 1653 Fadumque,
470 1602 770 1654 Herbesumque,
804 1602 917 1647 subit,
942 1601 1217 1652 Rhoetumque,

417 1669 663 1719 Abarimque,

206 1735 360 1786 Ignaros
375 1750 386 1781 ;
406 1735 594 1773 Rhoetum
610 1736 831 1787 vigilantem,
847 1745 884 1773 et
897 1745 1031 1773 cuncta
1046 1735 1224 1772 videntem
1243 1750 1254 1780 ;

207 1802 280 1839 Sed
299 1815 471 1853 magnum
490 1812 654 1841 metucns
676 1818 711 1840 se
731 1812 816 1853 post
836 1813 976 1840 cratera
996 1802 1172 1853 tegebat:

207 1869 361 1907 Pectore
380 1869 415 1907 in
434 1870 583 1907 adverso
603 1879 723 1908 totum
743 1870 803 1908 cui
823 1871 1024 1907 comminus
1044 1882 1165 1906 ensem

206 1935 384 1974 Condidit
403 1938 618 1988 assurgenti,
647 1946 683 1974 et
705 1937 819 1974 multa
838 1946 955 1974 morte
976 1936 1125 1987 recepit⁴

207 2004 431 2055 Purpuream
444 2005 554 2042 vomit
568 2005 625 2042 ille
639 2005 848 2049 animam&
862 2004 1127 2056 cumsanguine
1141 2002 1253 2040 mixta

208 2070 303 2107 Vina
323 2070 432 2109 refert
452 2073 629 2110 moriens:
661 2072 719 2109 hie
738 2072 840 2110 furto
860 2071 1018 2110 fervidus
1038 2071 1162 2108 instat.

205 2138 358 2187 Jamque
379 2139 424 2175 ad
445 2139 607 2190 Messapi
628 2140 743 2176 socios
763 2140 937 2178 tendebat
957 2155 967 2184 3
998 2139 1059 2175 ubi
1080 2139 1201 2188 ignem

208 2203 379 2241 ‚Deficere
397 2214 614 2250 extremum,
642 2215 679 2244 ct
699 2206 872 2256 religatos
890 2206 959 2244 rite
978 2205 1124 2242 videbat
