1455 2685
153 315 187 340 v.
207 302 295 340 382.
485 297 787 339 AENEIDOS
844 300 897 340 X.
1133 302 1207 344 167

154 414 303 452 Intorto
322 411 404 465 figit
419 411 508 457 telo,
528 411 733 449 discrimina
752 411 863 449 costis

152 481 225 521 Per
244 480 403 518 medium
423 492 495 530 qua
515 478 618 529 spina
637 477 747 515 dabat
765 493 777 524 ;
805 478 1020 529 hastamque
1040 489 1202 530 receptat

152 548 311 587 Ossibus
323 547 540 584 haerentem.
559 547 681 595 Quem
694 558 766 581 non
779 558 888 595 super
898 555 1058 596 occupat
1066 546 1207 592 Hisbo,

151 614 222 653 Ille
242 615 389 665 quidem
408 613 480 650 hoc
497 624 642 663 sperans
660 626 670 650 :
692 624 773 648 nam
791 611 911 649 Pallas
926 622 1010 650 ante
1026 622 1204 660 ruentem,

150 681 257 721 Dum
276 680 380 726 furit,
400 680 587 718 incautum
605 678 743 716 crudeli
763 687 882 716 morte
903 678 1049 725 sodalis,

152 747 309 799 Excipit
325 762 336 793 ;
356 755 467 797 atque
482 759 603 785 ensem
621 745 765 783 tumido
784 746 819 783 in
836 745 1008 797 pulmone
1024 746 1201 785 recondit.

150 814 254 853 Hinc
277 813 493 854 Sthenelum
513 813 621 864 petit,
640 822 678 851 et
701 813 841 851 Rhoeti
860 814 906 852 de
927 822 1036 866 gente
1062 823 1204 853 vetusta

148 881 439 926 Anchemolum,
461 880 640 919 thalamos
660 895 786 918 ausum
803 881 978 919 incestare
997 895 1183 920 novercae.

147 949 227 987 Vos
246 948 370 994 etiam,
390 947 538 1000 gemini,
562 947 714 985 Rutulis
733 947 917 985 cecidistis
940 948 974 985 in
995 949 1101 994 arvis,

147 1016 309 1060 Danda,
332 1015 468 1053 Laride
489 1014 771 1065 Thymberque,
791 1014 968 1052 simillima
986 1015 1122 1066 proles,

148 1083 354 1120 Indiscreta
374 1082 447 1120 suis
465 1091 666 1133 gratusque
686 1082 898 1132 parentibus
917 1096 1029 1121 error.

148 1148 210 1187 At
230 1163 326 1186 nunc
347 1149 439 1186 dura
459 1148 560 1186 dedit
580 1149 682 1186 vobis
702 1148 906 1186 discrimina
927 1148 1043 1187 Pallas
1061 1165 1070 1188 ς

147 1215 245 1254 Nam
259 1216 340 1259 tibi,
356 1215 565 1266 Thymbre,
577 1223 690 1265 caput
708 1215 911 1253 Evandrius
926 1215 1077 1253 abstulit
1090 1215 1197 1263 ensis;

146 1281 206 1319 Te
227 1282 347 1320 decisa
366 1295 486 1327 suum,
507 1281 659 1326 Laride,
680 1283 830 1320 dextera
850 1284 1003 1332 quaerit,

147 1348 443 1399 Semanimesque
463 1348 598 1386 micant
617 1349 739 1400 digiti,
755 1348 965 1399 ferrumque
985 1358 1195 1388 retractant.

199 1415 382 1460 Arcadas,
403 1429 576 1453 accensos
595 1416 750 1460 monitu,
770 1425 807 1453 et
827 1416 1008 1466 praeclara
1028 1425 1173 1455 tuentes

147 1483 262 1522 Facta
283 1482 359 1527 viri,
379 1482 516 1521 mixtus
536 1482 653 1527 dolor,
674 1491 711 1520 et
731 1483 852 1532 pudor
871 1491 985 1520 armat
1004 1483 1038 1519 in
1060 1483 1196 1522 hostes,

144 1551 248 1589 Tum
268 1550 387 1589 Pallas
406 1549 541 1602 bijugis
561 1549 764 1601 fugientem
789 1550 957 1587 Rhoetea
977 1559 1120 1600 praeter

144 1616 314 1669 Traiicit.
346 1616 436 1655 Hoc
457 1616 628 1668 spatium,
643 1625 861 1667 tantumque
881 1630 1000 1655 morae
1017 1616 1089 1655 fuit
1112 1618 1196 1664 1103

145 1683 204 1721 Ilo
223 1697 379 1734 namque
399 1682 529 1734 procul
548 1683 701 1720 validam
718 1684 901 1721 direxerat
921 1684 1062 1721 hastam
1078 1700 1087 1722 :

154 1751 276 1801 Quam
290 1751 429 1788 medius
439 1750 628 1788 Rhoeteus
642 1749 844 1800 intercipit,
859 1750 998 1801 optime
1012 1751 1195 1797 Teuthra,

146 1815 208 1855 Te
226 1816 384 1870 fugiens,
405 1816 626 1868 fratremque
647 1817 775 1868 Tyren
795 1832 806 1863 ς
841 1831 1025 1868 curruque
1046 1818 1191 1856 volutus

142 1885 276 1924 Caedit
295 1884 496 1922 semanimis
520 1883 747 1922 Rutulorum
767 1883 929 1922 calcibus
950 1899 1045 1923 arva.

144 1951 226 1996 Ae,
246 1951 361 1996 velut,
382 1960 512 2002 optato
532 1952 647 1990 ventis
666 1961 801 1990 aestate
818 1951 968 1996 coortis,

143 2019 323 2070 Dispersa
342 2019 506 2057 immittit
527 2019 623 2057 silvis
642 2018 806 2057 incendia
826 2028 976 2070 pastor;

140 2086 332 2137 Correptis
351 2087 473 2125 subito
493 2086 634 2132 mediis,
653 2087 864 2124 extenditur
884 2101 954 2124 una

144 2153 310 2191 Horrida
330 2169 392 2206 per
410 2154 504 2192 latos
524 2154 617 2192 acies
637 2154 815 2193 Volcania
835 2168 984 2204 campos
1003 2171 1013 2200 ς

143 2219 208 2258 Ille
228 2221 353 2259 sedens
373 2221 491 2260 victor
510 2222 671 2260 ssammas
690 2222 882 2273 despectat
902 2222 1040 2259 ovantis
1057 2238 1066 2258 :
