<?xml version="1.0" encoding="UTF-8"?>
<!DOCTYPE html PUBLIC "-//W3C//DTD XHTML 1.0 Transitional//EN"
    "http://www.w3.org/TR/xhtml1/DTD/xhtml1-transitional.dtd">
<html xmlns="http://www.w3.org/1999/xhtml" xml:lang="en" lang="en">
 <head>
  <title>
</title>
<meta http-equiv="Content-Type" content="text/html;charset=utf-8" />
  <meta name='ocr-system' content='tesseract 3.04.00' />
  <meta name='ocr-capabilities' content='ocr_page ocr_carea ocr_par ocr_line ocrx_word'/>
</head>
<body>
  <div class='ocr_page' id='page_1' title='image "./operahun02virguoft_0243.png"; bbox 0 0 1455 2685; ppageno 0'>
   <div class='ocr_carea' id='block_1_1' title="bbox 165 324 1225 367">
    <p class='ocr_par' dir='ltr' id='par_1_1' title="bbox 165 324 1225 367">
     <span class='ocr_line' id='line_1_1' title="bbox 165 324 1225 367; baseline -0.001 -2"><span class='ocrx_word' id='word_1_1' title='bbox 165 340 198 366; x_wconf 86' lang='lat' dir='ltr'><strong>v.</strong></span> <span class='ocrx_word' id='word_1_2' title='bbox 217 326 309 367; x_wconf 82' lang='lat'><strong>437.</strong></span> <span class='ocrx_word' id='word_1_3' title='bbox 466 324 770 364; x_wconf 88' lang='lat' dir='ltr'><strong>AENEIDOS</strong></span> <span class='ocrx_word' id='word_1_4' title='bbox 829 325 929 365; x_wconf 89' lang='lat' dir='ltr'><strong>XII.</strong></span> <span class='ocrx_word' id='word_1_5' title='bbox 1145 328 1225 365; x_wconf 73' lang='lat'><strong>235</strong></span> 
     </span>
    </p>
   </div>
   <div class='ocr_carea' id='block_1_2' title="bbox 119 438 1221 2380">
    <p class='ocr_par' dir='ltr' id='par_1_2' title="bbox 163 438 1220 693">
     <span class='ocr_line' id='line_1_2' title="bbox 163 438 1161 491; baseline -0.003 -12"><span class='ocrx_word' id='word_1_6' title='bbox 163 439 371 480; x_wconf 84' lang='lat' dir='ltr'><strong>Defensum</strong></span> <span class='ocrx_word' id='word_1_7' title='bbox 391 439 509 484; x_wconf 92' lang='lat' dir='ltr'><strong>dabit,</strong></span> <span class='ocrx_word' id='word_1_8' title='bbox 534 449 572 477; x_wconf 91' lang='lat' dir='ltr'><strong>et</strong></span> <span class='ocrx_word' id='word_1_9' title='bbox 592 453 722 491; x_wconf 86' lang='lat' dir='ltr'><strong>magna</strong></span> <span class='ocrx_word' id='word_1_10' title='bbox 744 438 840 476; x_wconf 89' lang='lat' dir='ltr'><strong>inter</strong></span> <span class='ocrx_word' id='word_1_11' title='bbox 859 438 1017 489; x_wconf 84' lang='lat' dir='ltr'><strong>praemia</strong></span> <span class='ocrx_word' id='word_1_12' title='bbox 1036 439 1161 477; x_wconf 89' lang='lat' dir='ltr'><strong>ducet.</strong></span> 
     </span>
     <span class='ocr_line' id='line_1_3' title="bbox 163 507 1217 559; baseline -0.002 -12"><span class='ocrx_word' id='word_1_13' title='bbox 163 508 228 547; x_wconf 94' lang='lat' dir='ltr'><strong>Tu</strong></span> <span class='ocrx_word' id='word_1_14' title='bbox 248 508 374 552; x_wconf 85' lang='lat' dir='ltr'><strong>facito,</strong></span> <span class='ocrx_word' id='word_1_15' title='bbox 390 522 475 545; x_wconf 85' lang='lat' dir='ltr'><strong>mox</strong></span> <span class='ocrx_word' id='word_1_16' title='bbox 490 521 574 546; x_wconf 85' lang='lat' dir='ltr'><strong>cum</strong></span> <span class='ocrx_word' id='word_1_17' title='bbox 589 517 729 545; x_wconf 89' lang='lat' dir='ltr'><strong>matura</strong></span> <span class='ocrx_word' id='word_1_18' title='bbox 744 507 942 546; x_wconf 83' lang='lat' dir='ltr'>adoleverit</span> <span class='ocrx_word' id='word_1_19' title='bbox 964 518 1075 554; x_wconf 71' lang='lat' dir='ltr'><strong>aetaS,</strong></span> <span class='ocrx_word' id='word_1_20' title='bbox 1099 512 1217 559; x_wconf 88' lang='lat' dir='ltr'><strong>[rum,</strong></span> 
     </span>
     <span class='ocr_line' id='line_1_4' title="bbox 165 575 1220 626; baseline 0 -13"><span class='ocrx_word' id='word_1_21' title='bbox 165 576 224 614; x_wconf 92' lang='lat' dir='ltr'><strong>Sis</strong></span> <span class='ocrx_word' id='word_1_22' title='bbox 244 589 381 612; x_wconf 86' lang='lat' dir='ltr'><strong>memor</strong></span> <span class='ocrx_word' id='word_1_23' title='bbox 398 591 409 621; x_wconf 81' lang='lat'><em>3</em></span> <span class='ocrx_word' id='word_1_24' title='bbox 438 584 477 612; x_wconf 93' lang='lat' dir='ltr'><strong>et</strong></span> <span class='ocrx_word' id='word_1_25' title='bbox 496 585 547 621; x_wconf 88' lang='lat' dir='ltr'><strong>te,</strong></span> <span class='ocrx_word' id='word_1_26' title='bbox 567 575 685 612; x_wconf 85' lang='lat' dir='ltr'><strong>animo</strong></span> <span class='ocrx_word' id='word_1_27' title='bbox 706 584 931 626; x_wconf 84' lang='lat' dir='ltr'><strong>repetentem</strong></span> <span class='ocrx_word' id='word_1_28' title='bbox 951 575 1116 625; x_wconf 85' lang='lat' dir='ltr'><strong>exempla</strong></span> <span class='ocrx_word' id='word_1_29' title='bbox 1136 584 1220 613; x_wconf 88' lang='lat' dir='ltr'><strong>tuo-</strong></span> 
     </span>
     <span class='ocr_line' id='line_1_5' title="bbox 164 642 1144 693; baseline -0.001 -12"><span class='ocrx_word' id='word_1_30' title='bbox 164 642 219 681; x_wconf 89' lang='lat' dir='ltr'><strong>Et</strong></span> <span class='ocrx_word' id='word_1_31' title='bbox 239 654 344 693; x_wconf 88' lang='lat' dir='ltr'><strong>pater</strong></span> <span class='ocrx_word' id='word_1_32' title='bbox 362 643 524 686; x_wconf 83' lang='lat' dir='ltr'><strong>Aeneas,</strong></span> <span class='ocrx_word' id='word_1_33' title='bbox 543 650 581 679; x_wconf 87' lang='lat' dir='ltr'><strong>et</strong></span> <span class='ocrx_word' id='word_1_34' title='bbox 601 642 802 680; x_wconf 83' lang='lat' dir='ltr'><strong>avunculus</strong></span> <span class='ocrx_word' id='word_1_35' title='bbox 821 643 959 680; x_wconf 86' lang='lat' dir='ltr'><strong>excitet</strong></span> <span class='ocrx_word' id='word_1_36' title='bbox 982 642 1144 681; x_wconf 79' lang='lat' dir='ltr'><strong>Hector.</strong></span> 
     </span>
    </p>

    <p class='ocr_par' dir='ltr' id='par_1_3' title="bbox 119 709 1221 1975">
     <span class='ocr_line' id='line_1_6' title="bbox 217 709 1220 761; baseline -0.002 -12"><span class='ocrx_word' id='word_1_37' title='bbox 217 710 327 748; x_wconf 87' lang='lat' dir='ltr'><strong>Haec</strong></span> <span class='ocrx_word' id='word_1_38' title='bbox 347 710 411 747; x_wconf 90' lang='lat' dir='ltr'><strong>ubi</strong></span> <span class='ocrx_word' id='word_1_39' title='bbox 430 710 529 747; x_wconf 84' lang='lat' dir='ltr'><strong>dicta</strong></span> <span class='ocrx_word' id='word_1_40' title='bbox 548 709 664 754; x_wconf 87' lang='lat' dir='ltr'>dedit,</span> <span class='ocrx_word' id='word_1_41' title='bbox 687 710 804 760; x_wconf 90' lang='lat' dir='ltr'><strong>portis</strong></span> <span class='ocrx_word' id='word_1_42' title='bbox 827 723 901 748; x_wconf 89' lang='lat' dir='ltr'><strong>sese</strong></span> <span class='ocrx_word' id='word_1_43' title='bbox 921 710 1057 748; x_wconf 84' lang='lat' dir='ltr'><strong>extulit</strong></span> <span class='ocrx_word' id='word_1_44' title='bbox 1077 711 1220 761; x_wconf 87' lang='lat' dir='ltr'><strong>ingens,</strong></span> 
     </span>
     <span class='ocr_line' id='line_1_7' title="bbox 162 776 1220 830; baseline -0.001 -15"><span class='ocrx_word' id='word_1_45' title='bbox 162 776 299 815; x_wconf 89' lang='lat' dir='ltr'>Telum</span> <span class='ocrx_word' id='word_1_46' title='bbox 318 777 472 814; x_wconf 86' lang='lat' dir='ltr'><strong>immane</strong></span> <span class='ocrx_word' id='word_1_47' title='bbox 487 791 595 814; x_wconf 89' lang='lat' dir='ltr'><strong>manu</strong></span> <span class='ocrx_word' id='word_1_48' title='bbox 612 778 778 828; x_wconf 88' lang='lat' dir='ltr'><strong>quatiens</strong></span> <span class='ocrx_word' id='word_1_49' title='bbox 794 793 802 816; x_wconf 93' lang='lat'>:</span> <span class='ocrx_word' id='word_1_50' title='bbox 826 777 932 816; x_wconf 88' lang='lat' dir='ltr'><strong>simul</strong></span> <span class='ocrx_word' id='word_1_51' title='bbox 948 778 1092 830; x_wconf 87' lang='lat' dir='ltr'><strong>agmine</strong></span> <span class='ocrx_word' id='word_1_52' title='bbox 1108 778 1220 814; x_wconf 76' lang='lat' dir='ltr'><strong>denso</strong></span> 
     </span>
     <span class='ocr_line' id='line_1_8' title="bbox 160 843 1221 895; baseline 0 -13"><span class='ocrx_word' id='word_1_53' title='bbox 160 844 412 894; x_wconf 87' lang='lat' dir='ltr'><strong>Antheusque</strong></span> <span class='ocrx_word' id='word_1_54' title='bbox 429 844 722 895; x_wconf 85' lang='lat' dir='ltr'><strong>Mnestheusque</strong></span> <span class='ocrx_word' id='word_1_55' title='bbox 735 854 864 891; x_wconf 87' lang='lat' dir='ltr'><strong>ruunt;</strong></span> <span class='ocrx_word' id='word_1_56' title='bbox 881 845 1071 895; x_wconf 80' lang='lat' dir='ltr'><strong>omnisque</strong></span> <span class='ocrx_word' id='word_1_57' title='bbox 1086 843 1221 882; x_wconf 85' lang='lat' dir='ltr'><strong>relictis</strong></span> 
     </span>
     <span class='ocr_line' id='line_1_9' title="bbox 160 910 1157 963; baseline -0.001 -13"><span class='ocrx_word' id='word_1_58' title='bbox 160 910 292 950; x_wconf 81' lang='lat' dir='ltr'><strong>Turba</strong></span> <span class='ocrx_word' id='word_1_59' title='bbox 309 911 390 949; x_wconf 83' lang='lat' dir='ltr'><strong>fluit</strong></span> <span class='ocrx_word' id='word_1_60' title='bbox 411 912 550 950; x_wconf 82' lang='lat' dir='ltr'><strong>castris.</strong></span> <span class='ocrx_word' id='word_1_61' title='bbox 584 912 687 949; x_wconf 90' lang='lat' dir='ltr'><strong>Tum</strong></span> <span class='ocrx_word' id='word_1_62' title='bbox 707 926 817 949; x_wconf 87' lang='lat' dir='ltr'><strong>caeco</strong></span> <span class='ocrx_word' id='word_1_63' title='bbox 839 912 986 963; x_wconf 88' lang='lat' dir='ltr'><strong>pulvere</strong></span> <span class='ocrx_word' id='word_1_64' title='bbox 1005 925 1157 961; x_wconf 83' lang='lat' dir='ltr'><strong>campus</strong></span> 
     </span>
     <span class='ocr_line' id='line_1_10' title="bbox 119 979 1145 1030; baseline 0 -13"><span class='ocrx_word' id='word_1_65' title='bbox 119 990 122 991; x_wconf 72' lang='grc'>’</span> <span class='ocrx_word' id='word_1_66' title='bbox 160 979 357 1023; x_wconf 81' lang='lat' dir='ltr'><strong>Miscetur,</strong></span> <span class='ocrx_word' id='word_1_67' title='bbox 378 979 560 1030; x_wconf 90' lang='lat' dir='ltr'><strong>pulsuque</strong></span> <span class='ocrx_word' id='word_1_68' title='bbox 582 980 718 1030; x_wconf 86' lang='lat' dir='ltr'><strong>pedum</strong></span> <span class='ocrx_word' id='word_1_69' title='bbox 740 979 863 1017; x_wconf 88' lang='lat' dir='ltr'><strong>tremit</strong></span> <span class='ocrx_word' id='word_1_70' title='bbox 883 980 1003 1017; x_wconf 82' lang='lat' dir='ltr'><strong>excita</strong></span> <span class='ocrx_word' id='word_1_71' title='bbox 1023 980 1145 1017; x_wconf 90' lang='lat' dir='ltr'><strong>tellus.</strong></span> 
     </span>
     <span class='ocr_line' id='line_1_11' title="bbox 159 1046 1041 1099; baseline 0 -15"><span class='ocrx_word' id='word_1_72' title='bbox 159 1046 268 1084; x_wconf 88' lang='lat' dir='ltr'><strong>Vidit</strong></span> <span class='ocrx_word' id='word_1_73' title='bbox 287 1047 333 1084; x_wconf 86' lang='lat' dir='ltr'><strong>ab</strong></span> <span class='ocrx_word' id='word_1_74' title='bbox 353 1047 504 1084; x_wconf 81' lang='lat' dir='ltr'><strong>adverso</strong></span> <span class='ocrx_word' id='word_1_75' title='bbox 524 1046 700 1084; x_wconf 81' lang='lat' dir='ltr'><strong>venientis</strong></span> <span class='ocrx_word' id='word_1_76' title='bbox 720 1060 856 1099; x_wconf 83' lang='lat' dir='ltr'><strong>aggere</strong></span> <span class='ocrx_word' id='word_1_77' title='bbox 876 1048 1041 1092; x_wconf 86' lang='lat' dir='ltr'><strong>Turnus,</strong></span> 
     </span>
     <span class='ocr_line' id='line_1_12' title="bbox 159 1113 1114 1166; baseline 0 -15"><span class='ocrx_word' id='word_1_78' title='bbox 159 1113 297 1152; x_wconf 87' lang='lat' dir='ltr'><strong>Videre</strong></span> <span class='ocrx_word' id='word_1_79' title='bbox 316 1114 478 1152; x_wconf 85' lang='lat' dir='ltr'><strong>Ausonii</strong></span> <span class='ocrx_word' id='word_1_80' title='bbox 497 1129 507 1158; x_wconf 73' lang='grc' dir='ltr'><strong>ς</strong></span> <span class='ocrx_word' id='word_1_81' title='bbox 538 1113 754 1166; x_wconf 89' lang='lat' dir='ltr'><strong>gelidusque</strong></span> <span class='ocrx_word' id='word_1_82' title='bbox 775 1129 840 1164; x_wconf 90' lang='lat' dir='ltr'><strong>per</strong></span> <span class='ocrx_word' id='word_1_83' title='bbox 859 1114 930 1151; x_wconf 86' lang='lat' dir='ltr'><strong>ima</strong></span> <span class='ocrx_word' id='word_1_84' title='bbox 951 1114 1114 1151; x_wconf 84' lang='lat' dir='ltr'><strong>cucurrit</strong></span> 
     </span>
     <span class='ocr_line' id='line_1_13' title="bbox 161 1181 1177 1220; baseline -0.002 0"><span class='ocrx_word' id='word_1_85' title='bbox 161 1182 257 1220; x_wconf 83' lang='lat' dir='ltr'>Ossa</span> <span class='ocrx_word' id='word_1_86' title='bbox 276 1190 426 1220; x_wconf 82' lang='lat' dir='ltr'><strong>tremor.</strong></span> <span class='ocrx_word' id='word_1_87' title='bbox 460 1181 580 1220; x_wconf 86' lang='lat' dir='ltr'><strong>Prima</strong></span> <span class='ocrx_word' id='word_1_88' title='bbox 600 1191 682 1219; x_wconf 83' lang='lat' dir='ltr'><strong>ante</strong></span> <span class='ocrx_word' id='word_1_89' title='bbox 703 1182 818 1219; x_wconf 85' lang='lat' dir='ltr'><strong>omnis</strong></span> <span class='ocrx_word' id='word_1_90' title='bbox 839 1183 996 1220; x_wconf 86' lang='lat' dir='ltr'><strong>Juturna</strong></span> <span class='ocrx_word' id='word_1_91' title='bbox 1020 1181 1177 1220; x_wconf 85' lang='lat' dir='ltr'><strong>Latinos</strong></span> 
     </span>
     <span class='ocr_line' id='line_1_14' title="bbox 157 1248 1175 1301; baseline -0.001 -14"><span class='ocrx_word' id='word_1_92' title='bbox 157 1249 298 1288; x_wconf 90' lang='lat' dir='ltr'><strong>Audiit</strong></span> <span class='ocrx_word' id='word_1_93' title='bbox 326 1249 550 1301; x_wconf 86' lang='lat' dir='ltr'><strong>agnovitque</strong></span> <span class='ocrx_word' id='word_1_94' title='bbox 572 1263 715 1293; x_wconf 85' lang='lat' dir='ltr'><strong>sonum,</strong></span> <span class='ocrx_word' id='word_1_95' title='bbox 735 1259 771 1286; x_wconf 86' lang='lat' dir='ltr'><strong>et</strong></span> <span class='ocrx_word' id='word_1_96' title='bbox 786 1248 1000 1286; x_wconf 87' lang='lat' dir='ltr'><strong>tremefacta</strong></span> <span class='ocrx_word' id='word_1_97' title='bbox 1023 1248 1175 1300; x_wconf 85' lang='lat' dir='ltr'><strong>refugit.</strong></span> 
     </span>
     <span class='ocr_line' id='line_1_15' title="bbox 160 1316 1163 1369; baseline -0.002 -15"><span class='ocrx_word' id='word_1_98' title='bbox 160 1316 230 1354; x_wconf 90' lang='lat' dir='ltr'><strong>Ille</strong></span> <span class='ocrx_word' id='word_1_99' title='bbox 251 1316 364 1361; x_wconf 87' lang='lat' dir='ltr'><strong>volat,</strong></span> <span class='ocrx_word' id='word_1_100' title='bbox 383 1331 590 1367; x_wconf 83' lang='lat' dir='ltr'><strong>campoque</strong></span> <span class='ocrx_word' id='word_1_101' title='bbox 610 1326 728 1354; x_wconf 85' lang='lat' dir='ltr'><strong>atrum</strong></span> <span class='ocrx_word' id='word_1_102' title='bbox 752 1317 847 1367; x_wconf 80' lang='lat' dir='ltr'><strong>rapit</strong></span> <span class='ocrx_word' id='word_1_103' title='bbox 871 1331 1001 1369; x_wconf 86' lang='lat' dir='ltr'><strong>agmen</strong></span> <span class='ocrx_word' id='word_1_104' title='bbox 1020 1324 1163 1366; x_wconf 86' lang='lat' dir='ltr'><strong>aperto.</strong></span> 
     </span>
     <span class='ocr_line' id='line_1_16' title="bbox 159 1383 1100 1435; baseline -0.001 -14"><span class='ocrx_word' id='word_1_105' title='bbox 159 1383 303 1435; x_wconf 79' lang='lat' dir='ltr'><strong>Qualis,</strong></span> <span class='ocrx_word' id='word_1_106' title='bbox 323 1384 385 1422; x_wconf 86' lang='lat' dir='ltr'><strong>ubi</strong></span> <span class='ocrx_word' id='word_1_107' title='bbox 405 1384 451 1421; x_wconf 92' lang='lat' dir='ltr'><strong>ad</strong></span> <span class='ocrx_word' id='word_1_108' title='bbox 472 1393 600 1427; x_wconf 85' lang='lat' dir='ltr'><strong>terras,</strong></span> <span class='ocrx_word' id='word_1_109' title='bbox 622 1385 784 1435; x_wconf 85' lang='lat' dir='ltr'><strong>abrupto</strong></span> <span class='ocrx_word' id='word_1_110' title='bbox 805 1384 935 1428; x_wconf 87' lang='lat' dir='ltr'><strong>sidere,</strong></span> <span class='ocrx_word' id='word_1_111' title='bbox 957 1383 1100 1421; x_wconf 85' lang='lat' dir='ltr'><strong>nimbus</strong></span> 
     </span>
     <span class='ocr_line' id='line_1_17' title="bbox 157 1449 1218 1502; baseline -0.003 -13"><span class='ocrx_word' id='word_1_112' title='bbox 157 1451 199 1489; x_wconf 86' lang='lat' dir='ltr'><strong>It</strong></span> <span class='ocrx_word' id='word_1_113' title='bbox 218 1464 315 1488; x_wconf 87' lang='lat' dir='ltr'><strong>mare</strong></span> <span class='ocrx_word' id='word_1_114' title='bbox 336 1465 401 1502; x_wconf 90' lang='lat' dir='ltr'><strong>per</strong></span> <span class='ocrx_word' id='word_1_115' title='bbox 417 1452 575 1490; x_wconf 83' lang='lat' dir='ltr'><strong>medium</strong></span> <span class='ocrx_word' id='word_1_116' title='bbox 594 1468 603 1491; x_wconf 94' lang='lat'><strong>:</strong></span> <span class='ocrx_word' id='word_1_117' title='bbox 628 1453 780 1494; x_wconf 86' lang='lat' dir='ltr'><strong>miseris,</strong></span> <span class='ocrx_word' id='word_1_118' title='bbox 795 1452 866 1489; x_wconf 91' lang='lat' dir='ltr'><strong>heu</strong></span> <span class='ocrx_word' id='word_1_119' title='bbox 886 1454 893 1488; x_wconf 92' lang='lat'>!</span> <span class='ocrx_word' id='word_1_120' title='bbox 930 1450 1092 1501; x_wconf 83' lang='lat' dir='ltr'><strong>praescia</strong></span> <span class='ocrx_word' id='word_1_121' title='bbox 1106 1449 1218 1502; x_wconf 90' lang='lat' dir='ltr'><strong>longe</strong></span> 
     </span>
     <span class='ocr_line' id='line_1_18' title="bbox 159 1517 1112 1570; baseline -0.004 -13"><span class='ocrx_word' id='word_1_122' title='bbox 159 1518 397 1557; x_wconf 80' lang='lat' dir='ltr'><strong>Horrescunt</strong></span> <span class='ocrx_word' id='word_1_123' title='bbox 417 1519 529 1556; x_wconf 89' lang='lat' dir='ltr'><strong>corda</strong></span> <span class='ocrx_word' id='word_1_124' title='bbox 547 1519 718 1570; x_wconf 80' lang='lat' dir='ltr'><strong>agricolis</strong></span> <span class='ocrx_word' id='word_1_125' title='bbox 737 1534 745 1556; x_wconf 88' lang='lat'>:</span> <span class='ocrx_word' id='word_1_126' title='bbox 782 1518 884 1555; x_wconf 86' lang='lat' dir='ltr'><strong>dabit</strong></span> <span class='ocrx_word' id='word_1_127' title='bbox 905 1517 965 1554; x_wconf 89' lang='lat' dir='ltr'><strong>ille</strong></span> <span class='ocrx_word' id='word_1_128' title='bbox 991 1518 1112 1554; x_wconf 85' lang='lat' dir='ltr'><strong>ruinas</strong></span> 
     </span>
     <span class='ocr_line' id='line_1_19' title="bbox 158 1584 1149 1638; baseline -0.001 -15"><span class='ocrx_word' id='word_1_129' title='bbox 158 1586 383 1625; x_wconf 70' lang='lat' dir='ltr'><strong>Arboribus,</strong></span> <span class='ocrx_word' id='word_1_130' title='bbox 407 1595 641 1638; x_wconf 84' lang='lat' dir='ltr'><strong>stragemque</strong></span> <span class='ocrx_word' id='word_1_131' title='bbox 663 1586 749 1623; x_wconf 89' lang='lat' dir='ltr'><strong>satis</strong></span> <span class='ocrx_word' id='word_1_132' title='bbox 767 1601 778 1630; x_wconf 83' lang='lat'>3</span> <span class='ocrx_word' id='word_1_133' title='bbox 809 1595 889 1622; x_wconf 89' lang='lat' dir='ltr'><strong>ruet</strong></span> <span class='ocrx_word' id='word_1_134' title='bbox 909 1585 1030 1622; x_wconf 81' lang='lat' dir='ltr'><strong>omnia</strong></span> <span class='ocrx_word' id='word_1_135' title='bbox 1049 1584 1121 1622; x_wconf 83' lang='lat' dir='ltr'><strong>late</strong></span> <span class='ocrx_word' id='word_1_136' title='bbox 1139 1598 1149 1622; x_wconf 74' lang='grc' dir='ltr'><strong><em>ε</em></strong></span> 
     </span>
     <span class='ocr_line' id='line_1_20' title="bbox 158 1650 1177 1703; baseline -0.002 -11"><span class='ocrx_word' id='word_1_137' title='bbox 158 1654 265 1693; x_wconf 88' lang='lat' dir='ltr'><strong>Ante</strong></span> <span class='ocrx_word' id='word_1_138' title='bbox 286 1653 423 1699; x_wconf 86' lang='lat' dir='ltr'><strong>volant,</strong></span> <span class='ocrx_word' id='word_1_139' title='bbox 444 1653 678 1703; x_wconf 85' lang='lat' dir='ltr'><strong>sonitumque</strong></span> <span class='ocrx_word' id='word_1_140' title='bbox 699 1651 822 1690; x_wconf 81' lang='lat' dir='ltr'><strong>ferunt</strong></span> <span class='ocrx_word' id='word_1_141' title='bbox 842 1653 887 1690; x_wconf 89' lang='lat' dir='ltr'><strong>ad</strong></span> <span class='ocrx_word' id='word_1_142' title='bbox 907 1652 1047 1697; x_wconf 74' lang='lat' dir='ltr'><strong>littora,</strong></span> <span class='ocrx_word' id='word_1_143' title='bbox 1067 1650 1177 1690; x_wconf 80' lang='lat' dir='ltr'><strong>venti.</strong></span> 
     </span>
     <span class='ocr_line' id='line_1_21' title="bbox 158 1719 1028 1759; baseline -0.002 0"><span class='ocrx_word' id='word_1_144' title='bbox 158 1719 264 1759; x_wconf 88' lang='lat' dir='ltr'><strong>Talis</strong></span> <span class='ocrx_word' id='word_1_145' title='bbox 283 1720 318 1757; x_wconf 87' lang='lat' dir='ltr'><strong>in</strong></span> <span class='ocrx_word' id='word_1_146' title='bbox 339 1720 506 1758; x_wconf 84' lang='lat' dir='ltr'><strong>adversos</strong></span> <span class='ocrx_word' id='word_1_147' title='bbox 526 1720 661 1757; x_wconf 85' lang='lat' dir='ltr'><strong>ductor</strong></span> <span class='ocrx_word' id='word_1_148' title='bbox 684 1720 891 1758; x_wconf 71' lang='lat' dir='ltr'><strong>Rhoeteius</strong></span> <span class='ocrx_word' id='word_1_149' title='bbox 912 1719 1028 1757; x_wconf 86' lang='lat' dir='ltr'><strong>hostis</strong></span> 
     </span>
     <span class='ocr_line' id='line_1_22' title="bbox 157 1784 1218 1840; baseline -0.007 -12"><span class='ocrx_word' id='word_1_150' title='bbox 157 1789 309 1840; x_wconf 88' lang='lat' dir='ltr'><strong>Agmen</strong></span> <span class='ocrx_word' id='word_1_151' title='bbox 327 1787 425 1839; x_wconf 79' lang='lat' dir='ltr'><strong>agit3</strong></span> <span class='ocrx_word' id='word_1_152' title='bbox 443 1787 543 1826; x_wconf 83' lang='lat' dir='ltr'><strong>densi</strong></span> <span class='ocrx_word' id='word_1_153' title='bbox 558 1788 695 1832; x_wconf 90' lang='lat' dir='ltr'><strong>cuneis,</strong></span> <span class='ocrx_word' id='word_1_154' title='bbox 713 1802 748 1825; x_wconf 86' lang='lat' dir='ltr'><strong>se</strong></span> <span class='ocrx_word' id='word_1_155' title='bbox 764 1789 930 1838; x_wconf 89' lang='lat' dir='ltr'><strong>quisque,</strong></span> <span class='ocrx_word' id='word_1_156' title='bbox 947 1785 1086 1825; x_wconf 79' lang='lat' dir='ltr'><strong>coactis</strong></span> <span class='ocrx_word' id='word_1_157' title='bbox 1112 1784 1218 1836; x_wconf 88' lang='lat' dir='ltr'><strong>[rim,</strong></span> 
     </span>
     <span class='ocr_line' id='line_1_23' title="bbox 156 1851 1221 1908; baseline -0.005 -13"><span class='ocrx_word' id='word_1_158' title='bbox 156 1855 446 1908; x_wconf 87' lang='lat' dir='ltr'><strong>Agglomerant.</strong></span> <span class='ocrx_word' id='word_1_159' title='bbox 482 1856 582 1894; x_wconf 87' lang='lat' dir='ltr'><strong>Ferit</strong></span> <span class='ocrx_word' id='word_1_160' title='bbox 600 1870 682 1894; x_wconf 87' lang='lat' dir='ltr'><strong>ense</strong></span> <span class='ocrx_word' id='word_1_161' title='bbox 696 1869 843 1908; x_wconf 83' lang='lat' dir='ltr'><strong>gravem</strong></span> <span class='ocrx_word' id='word_1_162' title='bbox 856 1855 1116 1906; x_wconf 82' lang='lat' dir='ltr'><strong>Thymbraeus</strong></span> <span class='ocrx_word' id='word_1_163' title='bbox 1135 1851 1221 1890; x_wconf 86' lang='lat' dir='ltr'><strong>Osi-</strong></span> 
     </span>
     <span class='ocr_line' id='line_1_24' title="bbox 157 1920 1218 1975; baseline -0.005 -13"><span class='ocrx_word' id='word_1_164' title='bbox 157 1923 386 1962; x_wconf 90' lang='lat' dir='ltr'><strong>Archetium</strong></span> <span class='ocrx_word' id='word_1_165' title='bbox 408 1923 643 1969; x_wconf 84' lang='lat' dir='ltr'><strong>Mnestheus,</strong></span> <span class='ocrx_word' id='word_1_166' title='bbox 653 1923 862 1975; x_wconf 88' lang='lat' dir='ltr'><strong>Epulonem</strong></span> <span class='ocrx_word' id='word_1_167' title='bbox 875 1923 1073 1961; x_wconf 88' lang='lat' dir='ltr'><strong>obtruncat</strong></span> <span class='ocrx_word' id='word_1_168' title='bbox 1086 1920 1218 1959; x_wconf 91' lang='lat' dir='ltr'><strong>Acha-</strong></span> 
     </span>
    </p>

    <p class='ocr_par' dir='ltr' id='par_1_4' title="bbox 157 2000 1161 2380">
     <span class='ocr_line' id='line_1_25' title="bbox 372 2000 442 2036; baseline -0.029 -7"><span class='ocrx_word' id='word_1_169' title='bbox 372 2000 442 2036; x_wconf 84' lang='lat' dir='ltr'><strong>tes,</strong></span> 
     </span>
     <span class='ocr_line' id='line_1_26' title="bbox 157 2054 1161 2108; baseline -0.001 -14"><span class='ocrx_word' id='word_1_170' title='bbox 157 2054 411 2107; x_wconf 86' lang='lat' dir='ltr'><strong>Ufentemque</strong></span> <span class='ocrx_word' id='word_1_171' title='bbox 425 2056 532 2107; x_wconf 83' lang='lat' dir='ltr'><strong>Gyas</strong></span> <span class='ocrx_word' id='word_1_172' title='bbox 549 2071 558 2095; x_wconf 72' lang='lat' dir='ltr'><strong><em>z</em></strong></span> <span class='ocrx_word' id='word_1_173' title='bbox 580 2057 680 2094; x_wconf 88' lang='lat' dir='ltr'><strong>cadit</strong></span> <span class='ocrx_word' id='word_1_174' title='bbox 695 2056 772 2108; x_wconf 87' lang='lat' dir='ltr'><strong>ipse</strong></span> <span class='ocrx_word' id='word_1_175' title='bbox 786 2056 1011 2094; x_wconf 84' lang='lat' dir='ltr'><strong>Tolumnius</strong></span> <span class='ocrx_word' id='word_1_176' title='bbox 1027 2069 1161 2107; x_wconf 85' lang='lat' dir='ltr'><strong>augur,</strong></span> 
     </span>
     <span class='ocr_line' id='line_1_27' title="bbox 158 2123 1094 2175; baseline -0.001 -14"><span class='ocrx_word' id='word_1_177' title='bbox 158 2123 305 2162; x_wconf 85' lang='lat' dir='ltr'><strong>Primus</strong></span> <span class='ocrx_word' id='word_1_178' title='bbox 325 2123 359 2160; x_wconf 90' lang='lat' dir='ltr'><strong>in</strong></span> <span class='ocrx_word' id='word_1_179' title='bbox 380 2124 549 2162; x_wconf 82' lang='lat' dir='ltr'><strong>adversos</strong></span> <span class='ocrx_word' id='word_1_180' title='bbox 569 2124 682 2162; x_wconf 87' lang='lat' dir='ltr'><strong>telum</strong></span> <span class='ocrx_word' id='word_1_181' title='bbox 704 2124 766 2175; x_wconf 91' lang='lat' dir='ltr'><strong>qui</strong></span> <span class='ocrx_word' id='word_1_182' title='bbox 788 2134 943 2162; x_wconf 85' lang='lat' dir='ltr'><strong>torserat</strong></span> <span class='ocrx_word' id='word_1_183' title='bbox 965 2124 1094 2161; x_wconf 88' lang='lat' dir='ltr'><strong>hostis.</strong></span> 
     </span>
     <span class='ocr_line' id='line_1_28' title="bbox 158 2190 1077 2242; baseline -0.001 -14"><span class='ocrx_word' id='word_1_184' title='bbox 158 2190 327 2229; x_wconf 84' lang='lat' dir='ltr'><strong>Tollitur</strong></span> <span class='ocrx_word' id='word_1_185' title='bbox 346 2192 379 2228; x_wconf 87' lang='lat' dir='ltr'><strong>in</strong></span> <span class='ocrx_word' id='word_1_186' title='bbox 402 2192 542 2230; x_wconf 79' lang='lat' dir='ltr'><strong>coelum</strong></span> <span class='ocrx_word' id='word_1_187' title='bbox 565 2192 716 2236; x_wconf 81' lang='lat' dir='ltr'><strong>clamor,</strong></span> <span class='ocrx_word' id='word_1_188' title='bbox 738 2193 900 2242; x_wconf 84' lang='lat' dir='ltr'><strong>versique</strong></span> <span class='ocrx_word' id='word_1_189' title='bbox 925 2192 1077 2230; x_wconf 85' lang='lat' dir='ltr'><strong>vicissim</strong></span> 
     </span>
     <span class='ocr_line' id='line_1_29' title="bbox 160 2257 1150 2313; baseline 0 -18"><span class='ocrx_word' id='word_1_190' title='bbox 160 2257 420 2298; x_wconf 83' lang='lat' dir='ltr'><strong>Pulverulenta</strong></span> <span class='ocrx_word' id='word_1_191' title='bbox 439 2259 531 2313; x_wconf 86' lang='lat' dir='ltr'><strong>fuga</strong></span> <span class='ocrx_word' id='word_1_192' title='bbox 555 2260 686 2304; x_wconf 73' lang='lat' dir='ltr'><strong>Rutuli</strong></span> <span class='ocrx_word' id='word_1_193' title='bbox 710 2260 797 2298; x_wconf 86' lang='lat' dir='ltr'><strong>dant</strong></span> <span class='ocrx_word' id='word_1_194' title='bbox 818 2269 924 2313; x_wconf 75' lang='lat' dir='ltr'><strong>terga</strong></span> <span class='ocrx_word' id='word_1_195' title='bbox 944 2274 1010 2312; x_wconf 88' lang='lat' dir='ltr'><strong>per</strong></span> <span class='ocrx_word' id='word_1_196' title='bbox 1029 2270 1150 2310; x_wconf 83' lang='lat' dir='ltr'><strong>agros.</strong></span> 
     </span>
     <span class='ocr_line' id='line_1_30' title="bbox 617 2329 759 2380; baseline -0.028 -11"><span class='ocrx_word' id='word_1_197' title='bbox 617 2329 657 2369; x_wconf 92' lang='lat' dir='ltr'>G</span> <span class='ocrx_word' id='word_1_198' title='bbox 677 2342 703 2380; x_wconf 80' lang='lat' dir='ltr'>g</span> <span class='ocrx_word' id='word_1_199' title='bbox 734 2330 759 2365; x_wconf 83' lang='lat'><strong>2</strong></span> 
     </span>
    </p>
   </div>
  </div>
 </body>
</html>
