1455 2685
115 315 148 341 v.
165 303 258 340 660.
424 300 725 340 AENEIDOS
783 303 856 341 IX.
1089 307 1161 346 147

114 413 362 458 Dardanidae,
383 412 665 464 pharetramque
684 413 773 465 fuga
787 428 923 452 sensere
944 425 1143 454 sonantem.

114 480 235 531 Ergo,
255 480 396 517 avidum
418 495 574 532 pugnae,
591 481 699 518 dictis
718 494 759 517 ac
775 481 919 518 numine
940 482 1081 519 Phoebi

111 546 316 584 Ascanium
337 547 533 596 prohibent
551 563 559 584 :
590 548 657 597 ipsi
678 548 712 584 in
733 548 927 585 certamina
948 562 1069 585 rursus

114 614 339 658 Succedunt,
360 614 565 664 animasque
585 615 619 651 in
640 625 763 664 aperta
784 615 942 664 pericula
962 616 1125 654 mittunt.

113 681 151 717 It
172 680 306 718 clamor
324 680 412 717 totis
432 694 496 730 per
515 681 791 732 propugnacula
807 682 917 719 muris
935 697 944 720 ε

112 748 315 785 Intendunt
334 747 424 784 acris
442 761 559 792 arcus,
588 757 802 798 amentaque
822 758 1011 798 torquent.

113 814 298 852 Sternitur
317 828 421 851 omne
441 814 556 851 solum
576 814 656 852 telis
673 830 681 852 :
712 824 790 852 tum
811 827 914 853 scuta
929 830 1108 866 cavaeque

110 881 216 919 Dant
235 881 394 919 sonitum
413 881 516 918 flictu
536 881 659 932 galeae
679 898 688 926 ;
718 896 843 933 pugna
862 897 987 932 aspera
1009 883 1127 935 surgit
1146 899 1156 922 :

111 949 281 999 Quantus
300 948 344 985 ab
365 961 498 984 occasu
519 947 675 992 veniens,
705 947 924 998 pluvialibus
947 949 1105 994 Haedis,

110 1015 292 1052 Verberat
304 1013 421 1052 imber
434 1015 599 1060 humum;
616 1028 724 1065 quam
737 1014 850 1052 multa
861 1016 1035 1066 grandine
1048 1015 1159 1053 nimbi

112 1082 155 1119 In
169 1082 257 1118 vada
268 1081 523 1131 praecipitant,
538 1096 649 1133 quum
662 1082 810 1132 Jupiter
822 1082 990 1119 horridus
1002 1083 1132 1120 austris

110 1149 280 1198 Torquet
292 1162 464 1199 aquosam
475 1148 642 1194 hiemem,
655 1158 692 1186 et
708 1149 811 1186 coelo
825 1163 911 1186 cava
927 1149 1048 1186 nubila
1063 1163 1160 1186 rum-

163 1216 349 1254 Pandarus
367 1225 404 1253 et
426 1215 554 1261 Bitias,
579 1216 687 1254 Idaeo
708 1216 896 1254 Alcanore
916 1217 1022 1261 creti,
1066 1216 1158 1267 [pit.

111 1284 216 1334 Quos
234 1283 334 1321 Jovis
353 1282 480 1320 eduxit
500 1282 584 1320 luco
605 1283 774 1319 silvestris
797 1284 913 1327 Iaera,

109 1348 312 1387 Abietibus
327 1351 474 1400 juvenes
484 1349 618 1398 patriis
637 1358 674 1386 et
693 1350 877 1387 montibus
903 1362 1052 1401 aequos,

111 1417 274 1461 Portam,
294 1430 386 1467 quae
406 1416 508 1453 ducis
527 1417 679 1466 imperio
701 1416 905 1462 commissa,
925 1416 1132 1462 recludunt,

111 1484 214 1522 Freti
232 1484 361 1529 armis3
392 1483 562 1533 ultroque
583 1483 735 1520 invitant
754 1484 941 1521 moenibus
961 1484 1117 1521 hostem.

111 1552 188 1604 Ipsi
206 1552 315 1596 intus,
335 1552 464 1588 dextra
483 1565 523 1587 ac
544 1550 655 1596 laeva,
675 1564 743 1600 pro
763 1551 923 1588 turribus
943 1552 1104 1596 adstant,

109 1618 262 1656 Armati
280 1617 388 1662 ferro,
408 1627 445 1655 et
465 1618 580 1654 cristis
601 1618 718 1668 capita
735 1617 808 1654 alta
827 1618 967 1655 corusci
986 1634 995 1655 :

110 1684 248 1735 Quales
266 1684 380 1722 aeriae
399 1683 574 1734 liquentia
595 1684 742 1720 flumina
762 1684 914 1728 circum,

111 1750 194 1789 Sive
215 1751 304 1788 Padi
323 1750 421 1800 ripis,
442 1750 617 1788 Athesim
638 1764 699 1788 seu
720 1759 871 1801 propter
889 1764 1092 1795 amoenum,

109 1819 349 1870 Consurgunt
369 1818 532 1869 geminae
552 1831 721 1868 quercus,
751 1819 966 1868 intonsaque
987 1818 1090 1855 coelo

110 1884 308 1924 Attollunt
328 1884 463 1935 capita,
482 1895 519 1922 et
539 1885 682 1922 sublimi
701 1885 834 1923 vertice
854 1894 997 1922 nutant.

112 1952 339 2003 Irrumpunt,
359 1952 478 1989 aditus
501 1951 632 1989 Rutuli
654 1961 694 1989 ut
714 1952 833 1990 videre
854 1952 1024 2002 patentis.

111 2018 298 2056 Continuo
319 2019 520 2069 Quercens,
548 2029 586 2056 et
606 2019 758 2070 pulcher
779 2018 992 2068 Aquicolus
1012 2018 1130 2063 armis,

113 2084 167 2122 Et
189 2099 363 2135 praeceps
383 2085 488 2122 animi
503 2086 675 2131 Tmarus,
694 2096 731 2123 et
748 2086 955 2124 Mavortius
973 2085 1157 2129 Haemon,

112 2152 341 2202 Agminibus
360 2152 448 2190 totis
467 2154 639 2211 autxversi
659 2162 763 2205 terga
783 2153 927 2197 dedere,

112 2218 199 2258 Aut
218 2218 297 2269 ipso
316 2228 444 2270 portae
464 2234 616 2271 posuere
636 2222 671 2257 in
691 2220 810 2258 limine
832 2221 952 2257 vitam.

597 2287 633 2325 Τ
666 2289 690 2323 ‘2
