1455 2685
136 336 169 362 v.
185 323 277 361 465.
441 320 745 360 AENEIDOS
803 323 902 361 VII.
1145 325 1197 362 83

135 433 329 479 Fumidus,
356 442 467 485 atque
486 434 559 472 alte
579 435 715 485 spumis
735 436 925 479 exuberat,
955 436 1067 473 amnis
1086 451 1095 473 :

135 500 218 538 Nec
233 503 307 553 jam
328 515 364 539 se
383 502 484 552 capit
505 503 601 540 unda
619 518 629 547 ;
659 502 757 539 volat
778 515 892 552 vapor
911 511 990 539 ater
1009 502 1054 538 ad
1074 496 1190 540 auras.

135 567 245 619 Ergo
265 569 334 606 iter
352 569 397 606 ad
416 583 554 620 regem,
584 568 726 619 polluta
746 583 849 621 pace,
882 568 1058 606 Latinum

135 634 271 672 Indicit
291 635 415 685 primis
428 637 617 687 juvenum,
645 644 682 673 et
695 636 802 687 jubet
822 649 919 672 arma
941 637 1070 686 parari,

134 700 272 738 Tutari
293 701 452 747 Italiam,
481 703 675 740 detrudere
695 702 827 740 finibus
846 703 989 739 hostem
1007 718 1017 740 ι

134 766 183 805 Se
203 767 289 805 satis
303 769 495 812 ambobus,
516 769 759 819 Teucrisque,
779 770 912 814 venire,
935 768 1163 819 Latinisque.

135 833 245 872 Haec
265 835 329 873 ubi
348 835 448 873 dicta
467 836 582 880 dedit,
611 836 786 886 divosque
805 837 841 873 in
861 846 947 874 vota
966 837 1125 881 vocavit,

134 900 317 940 Certatim
336 915 411 940 sese
434 902 567 940 Rutuli
587 903 831 940 exhortantur
849 903 885 939 in
905 917 1016 941 arma.

134 968 255 1007 Hunc
267 969 378 1007 decus
391 970 583 1021 egregium
595 968 733 1006 formae
746 972 1192 1022 movet,atquejuventae;

136 1036 254 1075 Hunc
273 1036 369 1074 atavi
389 1050 492 1089 reges
511 1052 521 1082 ;
553 1037 650 1074 hunc
671 1036 777 1074 claris
798 1037 950 1074 dextera
968 1037 1091 1074 factis.

189 1104 295 1141 Dum
315 1103 466 1141 Turnus
490 1103 652 1141 Rutulos
665 1103 789 1140 animis
805 1103 1003 1141 audacibus
1022 1104 1164 1154 implet,

133 1169 289 1210 Allecto
310 1171 344 1207 in
366 1170 535 1209 Teucros
557 1171 699 1222 Stygiis
727 1185 762 1209 se
783 1171 946 1208 concitat
966 1171 1030 1208 alis

134 1237 236 1275 Arte
258 1251 374 1283 nova;
404 1237 589 1288 speculata
609 1237 744 1281 locum,
765 1251 840 1287 quo
855 1237 979 1275 littore
1000 1237 1154 1288 pulcher

137 1304 282 1342 Insidiis
301 1318 485 1354 cursuque
506 1304 598 1342 feras
618 1305 783 1356 agitabat
809 1304 924 1341 Iulus.

135 1370 216 1408 Hic
237 1371 394 1408 subitam
414 1371 563 1408 canibus
584 1372 718 1408 rabiem
739 1371 900 1422 Cocytia
920 1371 1023 1422 virgo

136 1437 294 1490 Objicit,
321 1446 360 1475 et
380 1448 470 1475 noto
491 1439 582 1475 naris
602 1439 787 1490 contingit
807 1438 937 1482 odore,

136 1504 195 1542 Ut
216 1518 361 1541 cervum
381 1505 549 1542 ardentes
569 1515 720 1556 agerent
739 1521 747 1542 :
782 1519 875 1555 quae
895 1505 1011 1555 prima
1025 1503 1194 1543 laborum

137 1571 274 1610 Caussa
295 1571 380 1616 fuit,
400 1571 571 1622 belloque
590 1572 726 1609 animos
748 1573 915 1610 accendit
936 1572 1101 1623 agrestis.

182 1639 324 1677 Cervus
342 1648 419 1676 erat
440 1639 556 1676 forma
577 1640 776 1689 praestanti
801 1648 838 1676 et
859 1639 1031 1676 cornibus
1051 1639 1194 1690 ingens,

136 1706 345 1757 Tyrrhidae
365 1706 467 1756 pueri
489 1720 612 1757 quem,
644 1706 767 1743 matris
786 1707 830 1743 ab
853 1706 964 1743 ubere
979 1716 1140 1756 raptum,

136 1773 353 1818 Nun-ibant,
383 1772 652 1824 Tyrrheusque
674 1782 791 1823 pater,
821 1773 880 1810 cui
902 1775 1001 1824 regia
1021 1782 1151 1824 parent

136 1840 333 1886 Armenta,
351 1829 389 1878 e't
408 1840 481 1878 late
501 1841 668 1878 custodia
687 1840 827 1878 credita
846 1840 978 1890 campi.

135 1909 343 1947 Assuetum
363 1908 522 1959 imperiis
542 1922 646 1946 soror
663 1908 762 1946 omni
784 1908 895 1946 Silvia
915 1921 1016 1952 cura,

137 1975 319 2014 Mollibus
338 1976 517 2020 intexens,
547 1976 715 2020 ornabat,
740 1989 877 2013 cornua
897 1975 1016 2020 sertis,

138 2043 390 2094 Pcctebatque
410 2043 540 2088 ferum,
562 2057 728 2094 puroque
748 2043 782 2080 in
805 2042 907 2080 fonte
928 2042 1084 2081 lavabat.

139 2109 220 2154 Ille,
241 2123 385 2147 manum
405 2110 559 2160 patiens,
580 2124 795 2162 mensaeque
815 2118 979 2147 assuetus
1000 2108 1117 2153 herili,

139 2175 299 2213 Errabat
321 2176 417 2214 silvis
435 2193 445 2222 ;
467 2179 729 2228 rursusque‘ad
749 2177 871 2214 limina
893 2186 983 2213 nota

141 2243 227 2294 Ipse
248 2243 398 2281 domum
418 2258 495 2282 sera
516 2246 679 2297 quamvis
699 2259 734 2282 sc
755 2253 864 2282 nocte
884 2243 1036 2282 ferebat.

626 2312 662 2349 L
685 2313 710 2349 2
