1455 2685
128 325 162 363 t.
180 324 268 365 604.
429 319 729 362 AENEID‘OS
788 325 862 362 1x.
1102 317 1174 365 145?

122 425 344 480 Deferimus,
373 449 547 486 saevoque
567 435 651 487 gelu
671 435 842 472 duramus
870 443 906 472 et
928 435 1058 473 undis:

122 502 268 540 Venatu
287 502 474 554 invigilant
493 502 608 552 pueri,
629 500 804 552 silvasque
817 500 976 551 fatigant
996 518 1006 547 ;

122 568 286 606 Flectere
306 569 411 606 ludus
430 582 556 619 equos,
576 577 612 604 et
633 567 771 617 spicula
789 568 938 604 tendere
959 581 1085 605 cornu.

119 635 195 681 At,
214 635 352 685 patiens
369 649 534 686 operum,
566 647 748 684 parvoque
768 644 923 679 assueta,
940 637 1111 686 juventus

119 702 205 739 Aut
225 701 344 739 rastris
363 710 495 739 terram
515 701 653 744 domat,
670 709 732 737 aut
754 701 875 750 quatit
895 702 1033 752 oppida
1052 701 1163 740 bello.

121 767 242 805 Omne
261 781 386 804 aevum
405 767 500 804 ferro
521 767 666 811 teritur,
683 780 853 817 versaque
868 769 1062 818 juvencum

121 833 246 885 Terga
263 833 462 885 fatigamus
481 834 610 879 hasta;
642 848 706 870 nec
728 835 832 870 tarda
853 842 1020 871 senectus

120 899 306 937 Debilitat
326 901 419 938 vires*
435 900 556 944 animi,
586 909 778 950 mutatque
798 900 972 951 vigorem.

79 953 84 957 '
120 964 299 1003 Canitiem
318 965 421 1018 galea
439 966 658 1017 premimus3
689 980 900 1016 semperque
921 968 1075 1004 recentis

119 1031 360 1082 Comportare
374 1035 476 1084 juvat
498 1033 661 1082 praedas,
690 1041 727 1069 et
749 1033 864 1070 vivere
885 1041 1005 1082 rapto.

119 1099 236 1137 Vobis
257 1100 357 1150 picta
373 1114 498 1145 croco,
517 1108 554 1137 et
575 1098 730 1151 fulgenti
752 1100 900 1144 murice,
927 1101 1060 1146 vestis;

121 1166 297 1204 Desidiae
317 1166 419 1204 cordi
437 1181 447 1205 ς
473 1169 576 1218 juvat
597 1166 786 1217 indulgere
806 1167 948 1204 chore'ss
966 1182 977 1212 ;

120 1232 175 1269 Et
193 1232 334 1270 tunicae
355 1233 522 1279 manicas,
542 1242 580 1270 et
600 1234 735 1271 habent
756 1233 967 1270 redimicula
988 1234 1126 1271 mitrae.

120 1299 156 1337 O
177 1314 257 1337 vere
273 1300 473 1352 Phrygiae!
499 1314 614 1350 neque
627 1301 721 1337 enim
736 1300 920 1350 Phryge33
948 1300 997 1337 ite
1012 1315 1078 1350 per
1093 1300 1166 1337 alta

118 1367 320 1418 Dindyma,
343 1368 403 1404 ubi
423 1367 577 1405 assuetis<
592 1367 749 1403 biforem
769 1367 831 1403 dat
854 1367 942 1403 tibia
962 1377 1110 1404 cantum
1128 1382 1138 1404 :

118 1433 314 1484 Tympana
332 1447 394 1470 vos
414 1434 606 1484 buxusque
627 1442 756 1471 vocant
779 1434 998 1483 Berecyntia
1018 1433 1141 1470 matris

120 1501 262 1539 Idaeae.
294 1501 409 1539 Sinite
429 1515 527 1537 arma
546 1501 642 1545 viris,
663 1510 699 1538 et
720 1501 838 1538 cedite
858 1501 967 1540 ferro.

170 1567 278 1605 Talia
292 1570 489 1619 jactantem
509 1567 630 1610 dictis,
651 1580 692 1603 ac
713 1567 788 1603 dira
808 1577 1010 1612 canentem,

118 1624 205 1673 Non
225 1634 310 1671 tulit
329 1635 514 1672 Ascanius
533 1649 543 1679 ;
574 1647 755 1683 nervoque
776 1634 947 1670 obversus
966 1635 1099 1683 equino

118 1701 281 1739 Intendit
301 1700 427 1745 telum,
446 1701 658 1749 diversaque
678 1700 825 1736 brachia
845 1701 980 1737 ducens

117 1767 307 1812 Constitit,
326 1777 408 1804 ante
427 1768 555 1805 Jove'm
576 1766 729 1817 supplex
750 1781 816 1817 per
836 1776 918 1804 vota
938 1776 1134 1817 precatus:

116 1835 261 1886 Jupiter
279 1834 520 1884 omnipotens,
548 1833 745 1870 audacibus
765 1847 880 1870 annue
900 1835 1039 1884 coeptis
1057 1851 1066 1872 :

120 1902 205 1952 lpse
224 1901 291 1938 tibi
310 1901 355 1938 ad
373 1909 437 1938 tua
456 1900 591 1950 templa
612 1900 724 1937 feram
745 1899 929 1937 sollemnia
949 1901 1058 1944 dona,

118 1969 172 2006 Et
192 1954 351 2005 statuam*
366 1976 447 2004 ante
467 1981 544 2004 aras
563 1976 687 2004 aurata
706 1967 826 2004 fronte
846 1970 1040 2018 juvencum

117 2035 358 2080 Gaudentem,
378 2035 584 2085 pariterque
604 2044 716 2084 caput
737 2050 819 2072 cum
841 2043 955 2072 matre
976 2034 1170 2080 ferentem,=

116 2103 195 2140 Jam
216 2116 328 2138 cornu
349 2111 451 2151 petat
470 2110 506 2139 et
526 2103 681 2153 pedibus
701 2102 764 2152 qui
785 2111 931 2152 spargat
956 2116 1110 2140 arcnzuu.

170 2168 307 2205 Audiit
326 2177 363 2205 et
384 2169 476 2206 coeli
498 2169 657 2207 Genitor
677 2170 721 2206 de
743 2180 845 2219 parte
867 2183 987 2206 serena

120 2236 283 2274 Intonuit
305 2235 442 2273 laevum
461 2253 469 2276 :
501 2245 601 2274 sonat
625 2251 694 2274 una
714 2235 835 2274 fatifer
855 2251 970 2274 arcus.

174 2303 299 2341 Tom-
338 2305 394 2341 ll.
667 2304 704 2341 T
