1455 2685
471 395 516 434 P.
559 393 821 434 VIRGILII
861 392 1130 433 MARONIS

270 579 1324 640 AENEJDUS

643 771 826 812 LIBER
882 773 959 812 IX.

265 1070 444 1115 A'rQuE,
463 1083 505 1107 ea
524 1069 663 1107 diversa
682 1070 828 1119 penitus
848 1069 938 1106 dum
953 1078 1057 1120 parte
1077 1079 1268 1122 geruntur,

266 1137 355 1175 Irim
375 1138 420 1175 de
439 1137 543 1175 coelo
564 1136 660 1174 misit
683 1136 856 1174 Saturnia
875 1137 973 1174 Juno

264 1205 463 1242 Audacem
483 1205 528 1241 ad
549 1203 733 1241 Turnum.
765 1203 876 1240 Luco
897 1213 975 1240 tum
996 1203 1091 1242 forte
1110 1205 1268 1255 parentis

263 1271 423 1310 Pilumni
443 1271 595 1309 Turnus
615 1279 754 1308 sacrata
775 1269 864 1306 valle
885 1271 1048 1308 sedebat.

261 1338 331 1376 Ad
352 1352 460 1389 quern
480 1338 531 1375 sic
551 1351 654 1374 roseo
676 1336 946 1374 Thaumantias
965 1351 1027 1375 ore
1047 1337 1173 1375 locuta
1191 1348 1247 1377 est
1264 1354 1275 1378 :

260 1403 404 1448 Turne,
432 1404 530 1454 quod
552 1402 698 1453 optanti
720 1402 842 1439 divom
863 1403 1076 1452 promittere
1097 1418 1204 1441 nemo

260 1471 446 1516 Auderet,
464 1470 639 1507 volvenda
659 1469 747 1512 dies,
767 1483 809 1505 eu
826 1471 834 1506 ἔ
860 1469 985 1507 attulit
1008 1470 1119 1509 ultro.

259 1537 423 1581 Aeneas,
443 1537 546 1580 urbe,
566 1545 603 1573 et
623 1535 741 1578 sociis,
762 1544 799 1572 et
819 1535 930 1572 classe
951 1536 1091 1581 relicta,

259 1603 416 1653 Sceptra
435 1602 591 1641 Palatini
612 1603 805 1652 sedemque
826 1607 921 1652 petit
944 1603 1119 1640 Evandri.

259 1669 340 1707 Nec
359 1671 444 1707 satis
463 1685 471 1707 :
502 1679 681 1706 extremas
711 1669 869 1719 Corythi
892 1671 1094 1719 penetravit
1113 1670 1160 1706 ad
1180 1670 1287 1708 urbes
1302 1686 1315 1719 3

257 1734 527 1786 Lydorumque
547 1749 706 1781 manum,
727 1736 904 1774 collectos
924 1746 1038 1773 armat
1059 1737 1224 1787 agrestis.

244 1803 361 1853 .Quid
374 1803 540 1841 dubitas?
553 1817 647 1840 nunc
660 1812 804 1853 tempus
816 1817 943 1853 equ08‚
961 1816 1055 1840 nunc
1068 1816 1220 1852 poscere
1233 1816 1317 1840 cur·

259 1869 407 1920 Rumpe
422 1884 540 1908 moras
551 1870 680 1915 omnis,
692 1882 729 1908 et
745 1871 894 1908 turbata
909 1870 1026 1921 arripe
1041 1880 1171 1908 castra.
1217 1874 1313 1922 [rus.

309 1938 435 1982 Dixit,
454 1947 492 1975 et
511 1938 546 1974 in
567 1937 711 1975 coelum
731 1938 879 1988 paribus
900 1951 936 1975 se
958 1937 1105 1974 sustulit
1125 1937 1188 1974 alis
1205 1953 1217 1983 ς

259 2005 527 2057 lugentemque
546 2005 637 2056 fuga
658 2005 772 2042 secuit
789 2006 855 2042 sub
877 2005 1035 2042 nubibus
1055 2019 1192 2043 arcum.

255 2073 429 2124 Agnovit
444 2073 597 2124 juvenis,
618 2072 848 2122 duplicisque
868 2073 913 2110 ad
934 2072 1048 2109 sidera
1070 2072 1206 2122 palmas

258 2139 432 2184 Sustulit,
460 2149 497 2177 et
516 2139 580 2177 tali
600 2139 803 2191 fugientem
822 2148 877 2176 est
899 2154 988 2177 voce
1009 2149 1156 2177 secutus
1175 2154 1184 2177 :

259 2205 324 2252 Iri,
353 2207 463 2244 decus
482 2206 588 2252 coeli,
617 2207 698 2257 quis
718 2216 755 2244 te
776 2207 863 2243 mihi
884 2207 1042 2245 nubibus
1059 2215 1177 2245 actam

738 2275 774 2322 Q
806 2274 832 2308 2
