1455 2685
178 363 218 402 v.>
231 353 295 393 47.
458 347 761 387 AENEIDOS
822 347 923 384 XII.
1161 349 1236 386 ‘221

185 463 246 503 Ut
266 464 422 514 primum
443 462 510 499 fari
531 461 668 512 potuit,
689 460 739 497 sic
760 459 892 496 institit
911 473 997 497 ore:

185 533 309 581 Quam
323 545 390 581 pro
405 544 460 567 me
475 543 598 567 curam
616 527 724 580 geris,
738 527 830 564 hanc
845 540 986 577 precor,
1003 526 1156 576 optime,
1172 540 1238 577 pro

185 598 377 647 Deponas,
396 596 584 646 letumque
604 596 696 632 sinas
717 608 783 644 pro
803 593 909 630 laude
929 592 1074 643 pacisci.
1159 596 1239 643 [me

188 664 242 702 Et
263 678 327 702 nos
348 664 433 707 tela,
455 672 571 714 pater,
592 662 800 712 ferrumque
820 661 917 698 haud
937 660 1070 705 debile,
1095 661 1224 698 dextra

189 732 431 783 Spargimus;
461 740 499 768 et
520 740 646 767 nostro
667 729 834 780 sequitur
853 729 897 766 de
918 729 1062 766 voluere
1081 729 1240 782 sanguis.

188 798 324 849 Longe
344 797 395 834 illi
416 799 482 835 dea
502 807 617 835 mater
637 798 720 840 erit,
742 810 834 847 quae
854 797 949 834 nube
969 796 1141 847 fugacem

191 865 361 904 Feminea
380 874 500 916 tegat,
528 874 566 902 et
586 864 684 901 vanis
705 877 778 901 sese
797 863 944 900 occulat
966 863 1115 901 umbris.

239 934 302 973 At
322 933 460 984 regina,
483 945 575 969 nova
595 945 742 982 pugnae
762 930 962 968 conterrita
981 940 1095 977 sorte,

188 999 318 1038 Flebat
339 1015 349 1044 ς
379 1010 414 1036 et
436 1000 622 1036 ardentem
643 1013 818 1050 generum
839 999 1013 1036 moritura
1033 1000 1207 1038 tenebat:

186 1065 330 1112 Turne,
351 1081 415 1117 per
434 1067 497 1104 has
511 1081 583 1118 ego
600 1077 636 1104 te
651 1066 827 1107 lacrimas,
845 1080 922 1116 per,
940 1066 966 1102 si
983 1066 1064 1116 quis
1079 1067 1243 1104 Amatae

190 1133 332 1184 Tangit
353 1134 469 1171 honos
489 1134 644 1171 animum
665 1150 675 1180 3
706 1147 786 1184 spes
799 1142 840 1171 tu
858 1148 952 1171 nunc
972 1147 1056 1178 una,
1078 1146 1243 1171 senectae

187 1200 253 1238 Tu
273 1202 415 1252 requies
436 1202 584 1239 miserae
603 1217 613 1247 ;
644 1201 755 1239 decus
775 1202 1041 1252 imperiumque
1062 1201 1189 1239 Latini

187 1268 247 1306 Te
268 1283 402 1319 penes;
424 1269 459 1306 in
480 1279 517 1306 te
537 1269 653 1307 omnis
668 1270 797 1306 domus
816 1268 986 1305 inclinata
1006 1268 1185 1305 recumbit
1203 1284 1215 1315 ς

189 1336 319 1374 Unum
338 1351 404 1374 oro
422 1352 431 1374 ε
464 1337 597 1374 desiste
617 1350 763 1373 manum
783 1336 1012 1374 committere
1033 1335 1202 1374 Teucris,

189 1403 267 1454 Qui
286 1412 323 1441 te
343 1418 501 1454 cumque
520 1412 666 1441 manent
680 1404 750 1440 isto
766 1402 962 1440 certamine
976 1416 1092 1447 casus,
1119 1406 1242 1453 [quarn

189 1470 245 1510 Et
265 1485 336 1516 me,
356 1472 499 1516 Turne,
530 1480 689 1512 manent.
740 1469 858 1508 Simul
883 1470 972 1507 haec
1001 1469 1113 1506 invisa
1138 1469 1243 1507 relin-

190 1537 364 1583 Lumina,
386 1553 451 1576 nec
473 1553 646 1590 generum
669 1539 823 1576 Aenean
843 1538 988 1587 captiva
1008 1537 1151 1576 videbo.

189 1605 360 1656 Accepit
381 1619 507 1642 vocem
525 1605 682 1644 lacrimis
705 1605 859 1642 Lavinia
878 1605 1003 1641 matris

191 1672 399 1724 Flagrantis
419 1672 566 1723 perfusa
585 1686 720 1724 genas:
751 1671 810 1710 cui
831 1671 1008 1722 plurimus
1029 1671 1150 1723 ignem

193 1740 359 1792 Subjecit
378 1741 504 1786 rubor,
524 1751 562 1778 et
581 1739 759 1778 calefacta
778 1753 843 1790 per
861 1753 924 1776 ora
944 1740 1122 1778 cucurrit.

192 1809 329 1846 Indum
350 1809 548 1860 sanguineo
568 1806 682 1845 veluti
699 1806 882 1844 violaverit
902 1816 1003 1844 ostro

192 1876 234 1919 Si
253 1876 334 1928 quis
353 1876 457 1920 ebur,
478 1884 543 1913 aut
563 1875 678 1912 mixta
697 1875 828 1912 rubent
848 1875 911 1912 ubi
930 1875 1003 1912 lilia
1023 1875 1138 1914 multa

190 1942 298 1988 Alba
318 1957 423 1981 rosa:
455 1942 537 1980 talis
556 1943 661 1995 virgo
682 1942 793 1979 dabat
813 1956 875 1979 ore
895 1942 1048 1981 colores.

192 2010 305 2048 Illum
325 2011 452 2048 turbat
472 2024 586 2055 amor,
617 2009 773 2062 figitque
793 2010 827 2046 in
849 2009 988 2061 virgine
1008 2011 1154 2050 vultus:

193 2077 321 2116 Ardet
341 2077 375 2114 in
395 2091 493 2114 arma
512 2077 629 2128 magis
648 2092 658 2122 ;
679 2077 876 2128 paucisque
893 2077 1026 2115 affatur
1040 2079 1244 2119 Amatam:

195 2144 269 2188 Ne,
290 2158 439 2194 quaeso,
460 2159 503 2182 ne
524 2159 580 2182 me
600 2144 770 2188 lacrimis,
791 2159 878 2182 neve
898 2145 1018 2182 omine
1037 2155 1156 2191 tanto,

194 2211 433 2262 Prosequere,
453 2212 488 2249 in
509 2212 590 2250 duri
609 2213 804 2250 certamina
826 2212 960 2250 Martis
979 2223 1140 2258 euntem,

194 2277 233 2325 O
255 2281 393 2325 mater!
426 2293 544 2331 neque
563 2279 658 2318 enim
680 2280 813 2318 Turno
832 2294 931 2318 mora
952 2280 1064 2318 libera
1080 2281 1219 2320 mortis.
