1455 2685
214 315 262 350 14·
497 310 797 349 AENEIDOS
854 312 905 351 V.
1105 328 1138 352 v.
1157 318 1245 355 354.

208 425 260 462 Et
282 432 318 460 te
336 422 518 472 lapsorum
537 423 706 468 miseret3
736 437 828 473 quae
848 437 995 460 munera
1015 424 1107 462 Niso

205 490 333 541 Digna
352 490 453 527 dabis
470 490 483 528 ?
510 489 659 539 primam
679 490 790 526 merui
811 490 873 539 qui
893 489 997 527 laude
1016 505 1201 536 coronam,

206 557 255 594 Ni
277 571 345 599 me,
374 570 465 606 quae
486 555 635 598 Salium,
666 556 831 593 Fortuna
850 557 991 594 inimica
1008 557 1163 596 tulisset.

205 624 258 660 Et
279 623 382 660 simul
402 623 456 659 his
475 623 581 659 dictis
600 622 728 660 faciem
748 624 969 667 ostentabat,
991 633 1027 661 et
1048 626 1120 661 udo

203 689 346 738 Turpia
365 690 522 726 membra
541 690 639 726 fimo.
672 690 770 727 Risit
789 698 894 739 pater
910 690 1070 739 optimus
1089 690 1165 736 olli,

203 756 257 793 Et
277 756 433 806 clipeum
454 755 570 793 efferri
585 756 706 807 jussit,
726 756 971 806 Didymaonis
990 765 1098 802 artes,

202 822 383 872 Neptuni,
404 836 504 860 sacro
525 823 678 867 Danais,
697 822 741 859 de
760 831 866 872 poste
891 823 1058 862 refixum.

201 890 292 927 Hoc
306 893 472 941 juvenem
491 889 679 940 egregium
698 890 895 947 praestanti
915 904 1058 928 munere
1077 891 1203 930 donat.

197 1005 206 1012 ι
254 958 358 1001 Post,
376 957 438 993 ubi
458 955 617 993 confecti
636 970 774 999 cursuS,
793 965 830 993 et
849 957 944 993 dona
963 958 1105 1009 peregit
1122 974 1132 996 ε

200 1023 323 1067 Nunc,
343 1023 370 1060 si
391 1023 449 1060 cui
471 1023 596 1067 virtus,
616 1024 826 1073 animusque
841 1024 876 1059 in
895 1032 1043 1073 pectore
1062 1038 1242 1074 praesens,

196 1090 329 1134 Adsit,
346 1100 384 1127 et
403 1090 551 1127 evinctis
570 1089 712 1126 attollat
732 1090 878 1127 brachia
897 1090 1037 1139 palmis,

199 1159 263 1196 Sic
281 1160 343 1201 ait,
362 1166 400 1194 et
420 1157 604 1208 geminum
624 1170 768 1207 pugnae
787 1157 958 1208 proponit
977 1157 1176 1196 honorem:

195 1224 341 1261 Victori
362 1223 517 1260 velatum
536 1237 625 1260 auro
644 1223 818 1273 vittisque
833 1225 1027 1274 juvencum
1044 1238 1055 1268 3

197 1291 348 1333 Ensem,
374 1300 485 1340 atque
504 1290 681 1341 insignem
700 1289 854 1340 galeam,
883 1289 1009 1327 solatia
1029 1290 1140 1328 victo.

195 1358 276 1395 Nec
294 1371 407 1401 mora,
433 1357 608 1393 continuo
629 1356 736 1392 vastis
755 1370 839 1392 cum
859 1356 992 1393 viribus
1011 1357 1116 1393 effert

195 1424 272 1461 Ora
293 1424 425 1467 Dares,
454 1437 659 1474 magnoque
679 1422 792 1459 virum
813 1436 849 1458 se
869 1435 1049 1459 murmure
1068 1422 1191 1460 tollit:

194 1491 302 1528 Solus
322 1491 383 1540 qui
404 1491 570 1528 Paridem
589 1489 715 1526 solitus
736 1489 954 1525 contendere
973 1499 1101 1526 contra
1116 1504 1128 1534 ;

192 1558 381 1608 Idemque,
401 1557 447 1594 ad
466 1556 646 1594 tumulum
667 1570 740 1605 quo
761 1555 937 1592 maximus
957 1557 1115 1593 occubat
1133 1556 1238 1594 Hec-

190 1625 380 1661 Victorem
402 1624 522 1660 Buten
543 1622 687 1659 immani
708 1636 873 1671 corpore,
902 1622 964 1672 qui
985 1636 1036 1666 se,
1140 1626 1236 1673 [tor.

191 1690 374 1739 Bebrycia
394 1689 546 1733 veniens,
568 1689 707 1738 Amyci
728 1689 772 1725 de
791 1697 901 1739 gente
921 1688 1076 1733 ferebat,

188 1755 365 1799 Perculit,
381 1764 419 1792 et
437 1754 535 1791 fulva
555 1756 809 1792 moribundum
829 1756 995 1793 extendit
1016 1769 1133 1793 arena.

188 1822 290 1859 Talis
309 1824 424 1871 prima
444 1822 562 1859 Dares
581 1830 694 1871 caput
714 1821 828 1858 altum
847 1822 881 1857 in
902 1821 1037 1871 proelia
1055 1821 1166 1866 tollit,

187 1888 436 1939 Ostenditque
458 1888 626 1925 humeros
645 1887 750 1932 latos,
779 1887 987 1938 alternaque
998 1890 1113 1939 jactat

188 1955 343 1992 Brachia
363 1955 597 2004 protendens,
616 1964 652 1991 et
673 1955 836 1992 verberat
856 1954 988 1991 ictibus
1008 1968 1124 1992 auras.

186 2021 384 2070 Quaeritur
402 2021 487 2058 huic
500 2020 607 2059 alius:
626 2036 689 2058 nec
703 2022 892 2071 quisquam
908 2035 952 2058 ex
966 2021 1107 2071 agmine
1127 2029 1233 2058 tanto

186 2088 316 2124 Audet
336 2087 432 2124 adire
453 2087 579 2131 virum,
605 2089 840 2138 manibusque
859 2088 1028 2124 inducere
1048 2098 1202 2124 caestus.

188 2154 291 2204 Ergo
310 2152 447 2197 alacris,
468 2164 694 2204 cunctosque
715 2164 845 2204 putans
865 2154 1037 2191 excedere
1058 2153 1191 2203 palma,

188 2221 334 2258 Aeneae
353 2220 454 2258 stetit
473 2231 554 2259 ante
574 2222 683 2272 pedes
701 2237 713 2266 3
743 2236 807 2259 nec
822 2221 926 2272 plura
945 2230 1109 2260 moratus
