1455 2685
163 327 197 352 v.
219 313 311 354 270.
491 311 794 351 AENEIDOS
853 314 905 351 X.
1144 318 1218 355 163

159 423 286 462 Ardet
306 437 398 474 apex
418 423 546 474 capiti,
566 423 758 474 cristisque
778 437 797 460 a
814 423 948 461 vertice
964 425 1106 463 flamma

162 491 358 535 Funditur,
377 499 415 528 et
434 499 553 528 vastos
574 490 684 527 umbo
705 490 819 528 vomit
839 504 968 528 aureus
988 492 1090 543 ignes
1108 508 1117 531 ε

160 558 246 596 Non
268 571 383 602 secus,
403 571 444 595 ac
463 557 600 607 liquida
619 556 647 593 si
667 557 813 606 quando
834 567 944 595 nocte
965 568 1129 596 cometae

162 621 361 676 Sanguinei
381 624 539 675 lugubre
560 624 718 668 rubent3
749 632 812 661 aut
834 625 949 662 Sirius
969 626 1077 662 ardor

158 691 241 737 Ille,
262 690 356 728 sitim
376 691 597 741 morbosque
617 689 735 727 ferens
754 691 969 730 mortalibus
989 692 1121 745 aegris,

157 757 346 802 Nascitur,
374 766 411 795 et
429 757 530 795 laevo
552 757 747 795 contristat
768 757 901 795 lumine
918 758 1076 797 coelum.

209 823 328 862 Haud
347 832 465 861 tamen
486 824 613 862 audaci
634 825 766 862 Turno
786 825 920 863 fiducia
939 826 1050 863 cessit

156 889 307 928 Littora
326 891 548 942 praecipere,
567 900 605 928 et
626 891 800 929 venientis
821 891 953 942 pellere
974 901 1083 931 terra.

154 956 269 996 Ultro
289 958 427 996 animos
447 956 545 995 tollit
565 957 686 1002 dictis,
706 967 817 1008 atque
836 958 1002 1009 increpat
1027 958 1124 997 ultro
1142 976 1152 999 ε

154 1023 269 1074 Quod
289 1024 384 1061 votis
403 1025 574 1074 optastis,
595 1024 710 1069 adest,
731 1023 958 1076 perfringere
979 1025 1122 1063 dextra.

154 1090 199 1128 In
219 1090 383 1128 manibus
404 1091 508 1128 Mars
527 1091 617 1141 ipse,
639 1091 716 1127 viri.
749 1091 858 1129 Nunc
879 1093 1046 1144 conjugis
1066 1101 1145 1130 esto

153 1157 320 1208 Quisque
336 1171 433 1202 suae,
446 1158 624 1207 tectique,
641 1171 799 1204 memor3
820 1172 915 1195 nunc
929 1172 1058 1210 magna
1075 1158 1209 1196 referto

153 1223 269 1263 Facta
281 1233 440 1275 patrum,
454 1224 592 1262 laudes.
622 1225 736 1262 Ultro
753 1238 987 1262 occurramus
999 1226 1045 1262 ad
1060 1226 1207 1270 undam,

150 1290 254 1328 Dum
277 1291 422 1341 trepidi,
442 1291 651 1342 egressique
671 1292 796 1330 labant
816 1292 969 1342 vestigia
990 1292 1118 1341 prima.

118 1352 123 1355 ’
148 1356 339 1395 Audentis
372 1358 535 1395 Fortuna
550 1360 667 1409 juvat.

151 1424 259 1462 Haec
279 1425 330 1461 ait
349 1440 360 1471 ;
388 1433 426 1462 et
447 1438 569 1462 secum
591 1433 724 1470 versat,
746 1438 838 1475 quos
859 1425 991 1463 ducere
1008 1433 1150 1470 contra,

149 1492 221 1530 Vel
241 1492 374 1543 quibus
394 1493 558 1530 obsessos
578 1492 692 1542 possit
714 1492 933 1529 concredere
954 1506 1089 1532 muros,

202 1558 350 1596 Interea
370 1559 519 1596 Aeneas
540 1559 657 1596 socios
678 1559 722 1596 de
742 1559 928 1609 puppibus
949 1558 1031 1596 altis

150 1625 332 1663 Pontibus
351 1626 517 1676 exponit.
564 1626 679 1664 Multi
700 1639 835 1663 servare
856 1638 1022 1663 recursus

150 1692 383 1744 Languentis
400 1692 537 1744 pelagi,
557 1702 594 1730 et
614 1693 784 1731 brevibus
805 1706 841 1729 se
861 1692 1007 1729 credere
1027 1691 1147 1737 saltu;

147 1760 218 1799 Per
237 1774 354 1798 remos
373 1759 444 1798 alii.
477 1759 695 1812 Speculatus
714 1759 854 1804 littora,
875 1760 1038 1805 Tarcho,

146 1828 233 1878 Qua
252 1828 342 1864 vada
354 1841 425 1864 non
443 1827 595 1877 spirant,
615 1840 680 1865 nec
698 1825 816 1863 fracta
832 1834 1073 1864 remurmurat
1090 1826 1199 1872 unda,

146 1894 220 1932 Sed
239 1907 335 1931 mare
355 1893 569 1931 inoffensum
589 1893 767 1931 crescenti
787 1892 959 1930 allabitur
979 1901 1094 1939 aestu,

144 1960 323 1999 Advertit
344 1962 467 1999 subito
487 1975 626 2011 proras,
648 1961 841 2011 sociosque
860 1968 1057 2010 precatur:

146 2028 270 2072 Nunc,
289 2041 311 2065 ο
331 2027 426 2066 lecta
446 2042 572 2066 manus
591 2031 599 2066 !
634 2027 758 2065 validis
779 2027 980 2064 incumbite
1001 2027 1107 2065 remis
1127 2043 1138 2073 ;

145 2094 302 2139 Tollite,
323 2094 416 2132 ferte
436 2105 533 2133 rates
551 2111 562 2141 ;
591 2094 774 2132 inimicam
794 2094 922 2131 findite
942 2094 1068 2132 rostris

145 2162 257 2201 Hanc
273 2170 420 2208 terram,
441 2162 657 2212 sulcumque
679 2162 746 2199 sibi
767 2170 907 2212 premat
929 2162 1006 2212 ipsa
1025 2162 1145 2200 carina
1164 2177 1171 2199 ;

147 2229 332 2281 Frangere
353 2244 417 2269 nce
438 2230 501 2269 tali
522 2229 679 2283 puppim
700 2229 856 2268 statione
876 2243 1018 2276 recuso,

629 2298 721 2336 X2
