1455 2685
185 307 264 346 248
467 304 772 346 AENEIDOS
829 304 931 347 XII.
1095 325 1127 348 v.
1146 308 1236 354 599.

184 419 368 470 Ereptum
387 420 487 457 reddi
508 421 653 464 Turno,
673 430 710 458 et
732 421 801 457 vim
823 435 984 459 crescere
1005 422 1110 460 victis
1130 425 1142 460 ?

182 486 324 524 Desine
339 489 414 538 jam
435 488 596 532 tandem,
617 488 860 538 precibusque
875 488 1058 526 inflectere
1078 490 1210 527 nostris
1225 496 1237 527 ί

181 554 262 591 Nec
283 563 319 590 te
341 563 465 591 tantus
485 555 570 591 edat.
592 556 741 591 tacitam
762 555 880 599 dolor,
901 564 939 592 et
959 555 1046 592 mihi
1066 569 1173 593 curae

181 620 297 669 Saepe
318 630 384 657 tuo
405 620 502 657 dulci
523 621 645 658 tristes
665 636 708 658 ex
730 637 791 658 ore
810 631 1013 659 recursent.

179 687 343 724 Ventum
363 688 408 723 ad
424 701 630 737 supremum
645 699 710 725 est.
734 688 861 725 Terris
875 688 1027 739 agitare,
1045 689 1099 725 vel
1116 689 1236 734 undis,

179 754 362 806 Trojanos
383 754 535 804 potuisti
554 770 564 799 ;
593 754 781 791 infandum
801 756 996 792 accendere
1016 755 1166 800 bellum,

177 820 399 859 Deformare
418 822 582 864 domum,
601 830 639 857 et
658 821 763 857 luctu
783 821 932 858 miscere
951 822 1171 871 hymenaeos
1190 837 1201 860 :

179 887 348 926 Ulterius
369 895 510 924 tentare
529 896 629 924 veto.
661 887 723 924 Sic
743 888 891 937 Jupiter
910 902 1013 924 orsus
1033 905 1043 933 3

180 954 241 992 Sic
261 954 328 990 dea
347 954 524 990 submisso
543 963 672 990 contra
694 955 864 992 Saturnia
885 954 1014 992 vultu:

178 1021 258 1057 Ista
278 1020 425 1070 quidem
445 1020 530 1070 quia
550 1031 636 1057 nota
655 1020 741 1056 mihi
758 1030 836 1065 tua,
855 1034 1001 1072 magne,
1024 1021 1205 1066 voluntas,

178 1088 338 1136 Jupiter,
359 1097 396 1124 et
418 1087 604 1131 Turnum,
624 1096 661 1124 et
682 1096 808 1130 terras,
828 1087 940 1124 invita
959 1087 1101 1138 reliqui.

177 1154 259 1192 Nec
280 1164 322 1191 tu
342 1168 398 1190 me
419 1154 516 1190 aeria
535 1153 647 1190 solam
669 1169 763 1191 nunc
785 1155 868 1191 sede
888 1154 1028 1192 videres

175 1221 306 1272 Digna
324 1220 473 1271 indigna
493 1221 567 1270 pati
587 1237 597 1266 ;
620 1222 699 1265 sed,
715 1221 866 1258 flammis
882 1222 1016 1265 cincta,
1034 1222 1100 1259 sub
1116 1221 1234 1271 ipsam'
1269 1247 1275 1252 -

178 1286 319 1324 Starem
340 1288 466 1331 aciem,
486 1288 738 1338 traheremque
758 1288 902 1325 inimica
920 1288 955 1324 in
971 1288 1107 1338 proelia
1127 1288 1230 1325 Teu-

175 1357 370 1393 Jutumam
390 1355 533 1398 misero,
553 1354 686 1399 fateor,
707 1369 916 1393 succurrere
936 1356 1042 1392 fratri
1108 1358 1233 1406 [cros.-

178 1422 297 1465 Suasi,
317 1432 356 1458 et
375 1435 443 1471 pro
463 1422 537 1458 vita
556 1424 690 1473 majora
710 1422 843 1459 audere
863 1422 1041 1473 probavi3

174 1488 261 1526 Non
281 1498 323 1524 ut
342 1487 416 1525 tela
433 1498 566 1532 tamen,
587 1503 658 1526 non
679 1499 721 1526 ut
739 1490 977 1526 contenderet
997 1502 1120 1526 arcum
1140 1503 1151 1526 ι

173 1556 324 1606 Adjuro
342 1555 466 1604 Stygii
485 1564 598 1605 caput
617 1555 846 1605 implacabile
868 1554 995 1599 fontis,

175 1623 262 1660 Una
281 1622 493 1672 superstitio
513 1622 652 1672 superis
673 1637 764 1673 quae
785 1622 929 1660 reddita
949 1622 1052 1660 divis.

175 1690 230 1727 Et
249 1703 344 1726 nunc
365 1689 456 1725 cedo
477 1689 662 1737 equidem,
682 1704 898 1741 pugnasque
917 1703 1028 1727 exosa
1047 1689 1233 1741 relinquof

175 1756 276 1793 Illud
295 1765 347 1799 te,
378 1754 476 1791 nulla
496 1753 564 1791 fati
585 1756 686 1805 quod
705 1755 786 1807 lege
806 1766 967 1801 tenetur,

175 1824 249 1861 Pro
271 1822 384 1860 Latio
404 1823 585 1866 obtestor,
614 1836 683 1872 pro
703 1825 891 1874 majestate
911 1832 1086 1860 tuorum:

173 1893 271 1930 Cum
287 1894 361 1942 jam
381 1891 571 1928 connubiis
590 1904 718 1940 pacem
740 1889 922 1933 felicibus,
942 1899 1038 1933 esto,

174 1958 424 2007 Coinponent,
445 1971 529 1994 cum
540 1959 615 2008 jam
634 1955 748 2006 leges,
768 1965 805 1992 et
825 1955 1183 2008 foede1·a‚jungent;

174 2026 234 2064 Ne
253 2034 357 2062 vetus
376 2024 563 2075 indigenas
584 2036 714 2059 nomen
736 2032 878 2059 mutare
897 2022 1071 2066 Latinos,

174 2093 259 2131 Neu
279 2092 400 2130 Troas
418 2090 508 2134 fieri,
523 2089 665 2141 jubeas,
686 2089 928 2138 Teucrosque
948 2089 1094 2135 vocari3

173 2160 261 2197 Aut
281 2171 408 2194 vocem
429 2166 569 2194 mutare
590 2157 697 2201 viros,
726 2167 789 2194 aut
809 2166 948 2194 vertere
967 2157 1089 2194 vestis.

177 2226 234 2264 Sit
255 2225 407 2264 Latium
425 2240 437 2270 ;
467 2224 538 2263 sint
558 2223 700 2263 Albani
720 2239 784 2278 per
804 2224 946 2263 saecula
966 2238 1070 2276 reges
1087 2239 1107 2269 ;·
