<?xml version="1.0" encoding="UTF-8"?>
<!DOCTYPE html PUBLIC "-//W3C//DTD XHTML 1.0 Transitional//EN"
    "http://www.w3.org/TR/xhtml1/DTD/xhtml1-transitional.dtd">
<html xmlns="http://www.w3.org/1999/xhtml" xml:lang="en" lang="en">
 <head>
  <title>
</title>
<meta http-equiv="Content-Type" content="text/html;charset=utf-8" />
  <meta name='ocr-system' content='tesseract 3.04.00' />
  <meta name='ocr-capabilities' content='ocr_page ocr_carea ocr_par ocr_line ocrx_word'/>
</head>
<body>
  <div class='ocr_page' id='page_1' title='image "./operahun02virguoft_0123.png"; bbox 0 0 1455 2685; ppageno 0'>
   <div class='ocr_carea' id='block_1_1' title="bbox 201 309 1277 352">
    <p class='ocr_par' dir='ltr' id='par_1_1' title="bbox 201 309 1277 352">
     <span class='ocr_line' id='line_1_1' title="bbox 201 309 1277 352; baseline 0.004 -4"><span class='ocrx_word' id='word_1_1' title='bbox 201 325 235 349; x_wconf 89' lang='lat' dir='ltr'><strong>v.</strong></span> <span class='ocrx_word' id='word_1_2' title='bbox 253 312 342 350; x_wconf 76' lang='lat'><em>5523.</em></span> <span class='ocrx_word' id='word_1_3' title='bbox 508 309 811 348; x_wconf 90' lang='lat' dir='ltr'>AENEIDOS</span> <span class='ocrx_word' id='word_1_4' title='bbox 868 311 990 350; x_wconf 92' lang='lat' dir='ltr'>VIII.</span> <span class='ocrx_word' id='word_1_5' title='bbox 1186 316 1277 352; x_wconf 79' lang='lat'>115-</span> 
     </span>
    </p>
   </div>
   <div class='ocr_carea' id='block_1_2' title="bbox 143 421 1258 2279">
    <p class='ocr_par' dir='ltr' id='par_1_2' title="bbox 143 421 1258 2279">
     <span class='ocr_line' id='line_1_2' title="bbox 203 421 1093 473; baseline 0 -13"><span class='ocrx_word' id='word_1_6' title='bbox 203 422 254 460; x_wconf 93' lang='lat' dir='ltr'><strong>Ni</strong></span> <span class='ocrx_word' id='word_1_7' title='bbox 274 422 418 473; x_wconf 89' lang='lat' dir='ltr'><strong>signum</strong></span> <span class='ocrx_word' id='word_1_8' title='bbox 437 421 541 459; x_wconf 91' lang='lat' dir='ltr'><strong>coelo</strong></span> <span class='ocrx_word' id='word_1_9' title='bbox 562 421 750 471; x_wconf 88' lang='lat' dir='ltr'><strong>Cytherea</strong></span> <span class='ocrx_word' id='word_1_10' title='bbox 770 422 928 459; x_wconf 86' lang='lat' dir='ltr'><strong>dedisset</strong></span> <span class='ocrx_word' id='word_1_11' title='bbox 952 433 1093 473; x_wconf 78' lang='lat' dir='ltr'><strong>aperto·</strong></span> 
     </span>
     <span class='ocr_line' id='line_1_3' title="bbox 203 488 1175 541; baseline 0.001 -15"><span class='ocrx_word' id='word_1_12' title='bbox 203 489 373 539; x_wconf 86' lang='lat' dir='ltr'>Namque</span> <span class='ocrx_word' id='word_1_13' title='bbox 392 488 601 539; x_wconf 85' lang='lat' dir='ltr'><strong>improviso,</strong></span> <span class='ocrx_word' id='word_1_14' title='bbox 622 488 783 526; x_wconf 85' lang='lat' dir='ltr'><strong>vibratus</strong></span> <span class='ocrx_word' id='word_1_15' title='bbox 802 489 847 526; x_wconf 86' lang='lat' dir='ltr'><strong>ab</strong></span> <span class='ocrx_word' id='word_1_16' title='bbox 869 489 1028 534; x_wconf 81' lang='lat' dir='ltr'><strong>aethere,</strong></span> <span class='ocrx_word' id='word_1_17' title='bbox 1052 489 1175 541; x_wconf 86' lang='lat' dir='ltr'>fulgor</span> 
     </span>
     <span class='ocr_line' id='line_1_4' title="bbox 201 554 1174 605; baseline -0.001 -11"><span class='ocrx_word' id='word_1_18' title='bbox 201 556 300 594; x_wconf 91' lang='lat' dir='ltr'><strong>Cum</strong></span> <span class='ocrx_word' id='word_1_19' title='bbox 321 555 441 592; x_wconf 88' lang='lat' dir='ltr'><strong>sonitu</strong></span> <span class='ocrx_word' id='word_1_20' title='bbox 461 555 571 598; x_wconf 88' lang='lat' dir='ltr'><strong>venit,</strong></span> <span class='ocrx_word' id='word_1_21' title='bbox 600 564 638 592; x_wconf 89' lang='lat' dir='ltr'><strong>et</strong></span> <span class='ocrx_word' id='word_1_22' title='bbox 658 568 760 591; x_wconf 86' lang='lat' dir='ltr'><strong>ruere</strong></span> <span class='ocrx_word' id='word_1_23' title='bbox 781 554 900 591; x_wconf 88' lang='lat' dir='ltr'><strong>omnia</strong></span> <span class='ocrx_word' id='word_1_24' title='bbox 920 555 993 592; x_wconf 81' lang='lat' dir='ltr'><strong>visa</strong></span> <span class='ocrx_word' id='word_1_25' title='bbox 1013 566 1174 605; x_wconf 89' lang='lat' dir='ltr'><strong>repente,</strong></span> 
     </span>
     <span class='ocr_line' id='line_1_5' title="bbox 202 622 1215 673; baseline 0.001 -14"><span class='ocrx_word' id='word_1_26' title='bbox 202 622 492 672; x_wconf 86' lang='lat' dir='ltr'><strong>Tyrrhenusque</strong></span> <span class='ocrx_word' id='word_1_27' title='bbox 511 622 622 658; x_wconf 85' lang='lat' dir='ltr'><strong>tubae</strong></span> <span class='ocrx_word' id='word_1_28' title='bbox 642 622 783 673; x_wconf 87' lang='lat' dir='ltr'><strong>mugire</strong></span> <span class='ocrx_word' id='word_1_29' title='bbox 803 636 869 671; x_wconf 79' lang='lat' dir='ltr'><strong>pei·</strong></span> <span class='ocrx_word' id='word_1_30' title='bbox 887 622 1033 659; x_wconf 84' lang='lat' dir='ltr'><strong>aethera</strong></span> <span class='ocrx_word' id='word_1_31' title='bbox 1051 622 1215 673; x_wconf 82' lang='lat' dir='ltr'><strong>clangor.</strong></span> 
     </span>
     <span class='ocr_line' id='line_1_6' title="bbox 203 687 1254 740; baseline -0.001 -14"><span class='ocrx_word' id='word_1_32' title='bbox 203 687 444 738; x_wconf 80' lang='lat' dir='ltr'><strong>Suspieiunt:</strong></span> <span class='ocrx_word' id='word_1_33' title='bbox 466 688 597 725; x_wconf 90' lang='lat' dir='ltr'><strong>iterum</strong></span> <span class='ocrx_word' id='word_1_34' title='bbox 617 697 728 738; x_wconf 81' lang='lat' dir='ltr'><strong>atque</strong></span> <span class='ocrx_word' id='word_1_35' title='bbox 743 688 875 725; x_wconf 88' lang='lat' dir='ltr'><strong>iterum</strong></span> <span class='ocrx_word' id='word_1_36' title='bbox 888 688 1012 740; x_wconf 85' lang='lat' dir='ltr'><strong>fragor</strong></span> <span class='ocrx_word' id='word_1_37' title='bbox 1026 688 1190 739; x_wconf 86' lang='lat' dir='ltr'><strong>increpat</strong></span> <span class='ocrx_word' id='word_1_38' title='bbox 1202 689 1254 726; x_wconf 91' lang='lat' dir='ltr'><strong>in-</strong></span> 
     </span>
     <span class='ocr_line' id='line_1_7' title="bbox 201 754 1252 807; baseline 0.001 -15"><span class='ocrx_word' id='word_1_39' title='bbox 201 755 324 792; x_wconf 87' lang='lat' dir='ltr'><strong>Arma</strong></span> <span class='ocrx_word' id='word_1_40' title='bbox 342 754 437 792; x_wconf 86' lang='lat' dir='ltr'><strong>inter</strong></span> <span class='ocrx_word' id='word_1_41' title='bbox 456 755 604 798; x_wconf 87' lang='lat' dir='ltr'><strong>nubem,</strong></span> <span class='ocrx_word' id='word_1_42' title='bbox 623 754 716 792; x_wconf 87' lang='lat' dir='ltr'><strong>coeli</strong></span> <span class='ocrx_word' id='word_1_43' title='bbox 735 755 770 791; x_wconf 86' lang='lat' dir='ltr'><strong>in</strong></span> <span class='ocrx_word' id='word_1_44' title='bbox 786 756 932 806; x_wconf 84' lang='lat' dir='ltr'><strong>regione</strong></span> <span class='ocrx_word' id='word_1_45' title='bbox 949 769 1084 800; x_wconf 86' lang='lat' dir='ltr'><strong>serena,</strong></span> <span class='ocrx_word' id='word_1_46' title='bbox 1125 759 1252 807; x_wconf 83' lang='lat' dir='ltr'><strong>[gens.</strong></span> 
     </span>
     <span class='ocr_line' id='line_1_8' title="bbox 202 820 1092 871; baseline -0.002 -11"><span class='ocrx_word' id='word_1_47' title='bbox 202 822 273 861; x_wconf 87' lang='lat' dir='ltr'><strong>Per</strong></span> <span class='ocrx_word' id='word_1_48' title='bbox 291 820 421 858; x_wconf 90' lang='lat' dir='ltr'><strong>sudum</strong></span> <span class='ocrx_word' id='word_1_49' title='bbox 441 821 588 858; x_wconf 84' lang='lat' dir='ltr'><strong>rutilare</strong></span> <span class='ocrx_word' id='word_1_50' title='bbox 606 821 745 865; x_wconf 86' lang='lat' dir='ltr'><strong>vident,</strong></span> <span class='ocrx_word' id='word_1_51' title='bbox 773 831 811 858; x_wconf 89' lang='lat' dir='ltr'><strong>et</strong></span> <span class='ocrx_word' id='word_1_52' title='bbox 830 820 935 871; x_wconf 88' lang='lat' dir='ltr'><strong>pulsa</strong></span> <span class='ocrx_word' id='word_1_53' title='bbox 953 831 1092 859; x_wconf 86' lang='lat' dir='ltr'><strong>tonare.</strong></span> 
     </span>
     <span class='ocr_line' id='line_1_9' title="bbox 201 888 1068 939; baseline -0.002 -12"><span class='ocrx_word' id='word_1_54' title='bbox 201 888 441 939; x_wconf 85' lang='lat' dir='ltr'><strong>Obstupuere</strong></span> <span class='ocrx_word' id='word_1_55' title='bbox 460 888 586 925; x_wconf 84' lang='lat' dir='ltr'><strong>animis</strong></span> <span class='ocrx_word' id='word_1_56' title='bbox 605 888 663 925; x_wconf 86' lang='lat' dir='ltr'><strong>alii</strong></span> <span class='ocrx_word' id='word_1_57' title='bbox 682 904 692 933; x_wconf 88' lang='lat'>;</span> <span class='ocrx_word' id='word_1_58' title='bbox 723 889 784 925; x_wconf 91' lang='lat' dir='ltr'><strong>sed</strong></span> <span class='ocrx_word' id='word_1_59' title='bbox 804 888 943 926; x_wconf 78' lang='lat' dir='ltr'><strong>Tro&#39;i&#39;us</strong></span> <span class='ocrx_word' id='word_1_60' title='bbox 963 888 1068 925; x_wconf 85' lang='lat' dir='ltr'><strong>heros</strong></span> 
     </span>
     <span class='ocr_line' id='line_1_10' title="bbox 143 947 1130 1007; baseline 0 -14"><span class='ocrx_word' id='word_1_61' title='bbox 143 947 150 961; x_wconf 60' lang='lat'>²</span> <span class='ocrx_word' id='word_1_62' title='bbox 200 955 374 1007; x_wconf 87' lang='lat' dir='ltr'>Agnovit</span> <span class='ocrx_word' id='word_1_63' title='bbox 394 955 567 1000; x_wconf 88' lang='lat' dir='ltr'><strong>sonitum,</strong></span> <span class='ocrx_word' id='word_1_64' title='bbox 587 965 623 992; x_wconf 90' lang='lat' dir='ltr'><strong>et</strong></span> <span class='ocrx_word' id='word_1_65' title='bbox 643 955 744 993; x_wconf 88' lang='lat' dir='ltr'><strong>divae</strong></span> <span class='ocrx_word' id='word_1_66' title='bbox 763 956 939 1005; x_wconf 86' lang='lat' dir='ltr'><strong>promissa</strong></span> <span class='ocrx_word' id='word_1_67' title='bbox 958 955 1130 1006; x_wconf 80' lang='lat' dir='ltr'><strong>parentiS.</strong></span> 
     </span>
     <span class='ocr_line' id='line_1_11' title="bbox 199 1022 1254 1074; baseline -0.001 -13"><span class='ocrx_word' id='word_1_68' title='bbox 199 1022 304 1061; x_wconf 88' lang='lat' dir='ltr'><strong>Tum</strong></span> <span class='ocrx_word' id='word_1_69' title='bbox 316 1032 505 1060; x_wconf 86' lang='lat' dir='ltr'><strong>memorat:</strong></span> <span class='ocrx_word' id='word_1_70' title='bbox 531 1023 589 1061; x_wconf 90' lang='lat' dir='ltr'><strong>Ne</strong></span> <span class='ocrx_word' id='word_1_71' title='bbox 602 1037 700 1067; x_wconf 86' lang='lat' dir='ltr'><strong>vero,</strong></span> <span class='ocrx_word' id='word_1_72' title='bbox 714 1023 861 1073; x_wconf 72' lang='lat' dir='ltr'><strong>hospes,</strong></span> <span class='ocrx_word' id='word_1_73' title='bbox 873 1038 916 1060; x_wconf 87' lang='lat' dir='ltr'><strong>ne</strong></span> <span class='ocrx_word' id='word_1_74' title='bbox 929 1037 1059 1074; x_wconf 85' lang='lat' dir='ltr'><strong>quaere</strong></span> <span class='ocrx_word' id='word_1_75' title='bbox 1072 1023 1254 1074; x_wconf 88' lang='lat' dir='ltr'><strong>profecto,</strong></span> 
     </span>
     <span class='ocr_line' id='line_1_12' title="bbox 201 1089 1253 1141; baseline 0.001 -14"><span class='ocrx_word' id='word_1_76' title='bbox 201 1091 324 1141; x_wconf 82' lang='lat' dir='ltr'><strong>Quem</strong></span> <span class='ocrx_word' id='word_1_77' title='bbox 343 1103 465 1127; x_wconf 80' lang='lat' dir='ltr'><strong>casum</strong></span> <span class='ocrx_word' id='word_1_78' title='bbox 485 1098 657 1140; x_wconf 82' lang='lat' dir='ltr'><strong>portenta</strong></span> <span class='ocrx_word' id='word_1_79' title='bbox 672 1089 788 1127; x_wconf 89' lang='lat' dir='ltr'><strong>ferant</strong></span> <span class='ocrx_word' id='word_1_80' title='bbox 806 1105 815 1128; x_wconf 73' lang='grc' dir='ltr'>ε</span> <span class='ocrx_word' id='word_1_81' title='bbox 837 1104 907 1141; x_wconf 86' lang='lat' dir='ltr'><strong>ego</strong></span> <span class='ocrx_word' id='word_1_82' title='bbox 924 1105 1058 1141; x_wconf 86' lang='lat' dir='ltr'><strong>poscor</strong></span> <span class='ocrx_word' id='word_1_83' title='bbox 1073 1091 1253 1141; x_wconf 86' lang='lat' dir='ltr'><strong>Olympo.</strong></span> 
     </span>
     <span class='ocr_line' id='line_1_13' title="bbox 201 1158 1107 1209; baseline -0.001 -12"><span class='ocrx_word' id='word_1_84' title='bbox 201 1158 293 1197; x_wconf 91' lang='lat' dir='ltr'><strong>Hoc</strong></span> <span class='ocrx_word' id='word_1_85' title='bbox 313 1159 457 1209; x_wconf 88' lang='lat' dir='ltr'><strong>signum</strong></span> <span class='ocrx_word' id='word_1_86' title='bbox 475 1158 606 1195; x_wconf 86' lang='lat' dir='ltr'><strong>cecinit</strong></span> <span class='ocrx_word' id='word_1_87' title='bbox 627 1158 814 1195; x_wconf 83' lang='lat' dir='ltr'><strong>missuram</strong></span> <span class='ocrx_word' id='word_1_88' title='bbox 835 1158 916 1194; x_wconf 83' lang='lat' dir='ltr'><strong>diva</strong></span> <span class='ocrx_word' id='word_1_89' title='bbox 936 1159 1107 1203; x_wconf 83' lang='lat' dir='ltr'><strong>creatrix,</strong></span> 
     </span>
     <span class='ocr_line' id='line_1_14' title="bbox 202 1224 1228 1276; baseline -0.001 -13"><span class='ocrx_word' id='word_1_90' title='bbox 202 1225 241 1264; x_wconf 92' lang='lat' dir='ltr'><strong>Si</strong></span> <span class='ocrx_word' id='word_1_91' title='bbox 260 1224 395 1262; x_wconf 87' lang='lat' dir='ltr'><strong>bellum</strong></span> <span class='ocrx_word' id='word_1_92' title='bbox 414 1225 625 1276; x_wconf 78' lang='lat' dir='ltr'><strong>ingrueret3</strong></span> <span class='ocrx_word' id='word_1_93' title='bbox 655 1224 907 1274; x_wconf 84' lang='lat' dir='ltr'><strong>Volcaniaque</strong></span> <span class='ocrx_word' id='word_1_94' title='bbox 923 1239 1020 1262; x_wconf 82' lang='lat' dir='ltr'><strong>arma</strong></span> <span class='ocrx_word' id='word_1_95' title='bbox 1039 1239 1105 1275; x_wconf 87' lang='lat' dir='ltr'><strong>per</strong></span> <span class='ocrx_word' id='word_1_96' title='bbox 1125 1239 1228 1262; x_wconf 83' lang='lat' dir='ltr'><strong>auras</strong></span> 
     </span>
     <span class='ocr_line' id='line_1_15' title="bbox 200 1291 550 1329; baseline -0.003 0"><span class='ocrx_word' id='word_1_97' title='bbox 200 1291 382 1329; x_wconf 87' lang='lat' dir='ltr'><strong>Laturam</strong></span> <span class='ocrx_word' id='word_1_98' title='bbox 402 1291 550 1328; x_wconf 79' lang='lat' dir='ltr'><strong>auxilio.</strong></span> 
     </span>
     <span class='ocr_line' id='line_1_16' title="bbox 200 1357 1223 1408; baseline 0.002 -14"><span class='ocrx_word' id='word_1_99' title='bbox 200 1359 292 1398; x_wconf 88' lang='lat' dir='ltr'><strong>Heu</strong></span> <span class='ocrx_word' id='word_1_100' title='bbox 312 1367 469 1408; x_wconf 82' lang='lat' dir='ltr'><strong>quantae</strong></span> <span class='ocrx_word' id='word_1_101' title='bbox 488 1358 623 1395; x_wconf 85' lang='lat' dir='ltr'><strong>miseris</strong></span> <span class='ocrx_word' id='word_1_102' title='bbox 643 1358 771 1395; x_wconf 89' lang='lat' dir='ltr'><strong>caedes</strong></span> <span class='ocrx_word' id='word_1_103' title='bbox 793 1357 1042 1396; x_wconf 87' lang='lat' dir='ltr'><strong>Laurentibus</strong></span> <span class='ocrx_word' id='word_1_104' title='bbox 1060 1359 1196 1395; x_wconf 85' lang='lat' dir='ltr'><strong>instant</strong></span> <span class='ocrx_word' id='word_1_105' title='bbox 1215 1361 1223 1396; x_wconf 85' lang='lat'>!</span> 
     </span>
     <span class='ocr_line' id='line_1_17' title="bbox 202 1424 1258 1476; baseline 0 -14"><span class='ocrx_word' id='word_1_106' title='bbox 202 1426 306 1476; x_wconf 78' lang='lat' dir='ltr'><strong>Quas</strong></span> <span class='ocrx_word' id='word_1_107' title='bbox 318 1438 452 1475; x_wconf 89' lang='lat' dir='ltr'><strong>poenas</strong></span> <span class='ocrx_word' id='word_1_108' title='bbox 464 1424 712 1468; x_wconf 87' lang='lat' dir='ltr'><strong>mihi,Turne,</strong></span> <span class='ocrx_word' id='word_1_109' title='bbox 725 1425 840 1462; x_wconf 83' lang='lat' dir='ltr'><strong>dabis!</strong></span> <span class='ocrx_word' id='word_1_110' title='bbox 862 1438 970 1474; x_wconf 84' lang='lat' dir='ltr'><strong>quam</strong></span> <span class='ocrx_word' id='word_1_111' title='bbox 986 1424 1099 1461; x_wconf 88' lang='lat' dir='ltr'><strong>multa</strong></span> <span class='ocrx_word' id='word_1_112' title='bbox 1112 1426 1178 1462; x_wconf 93' lang='lat' dir='ltr'><strong>sub</strong></span> <span class='ocrx_word' id='word_1_113' title='bbox 1192 1439 1258 1462; x_wconf 89' lang='lat' dir='ltr'><strong>un-</strong></span> 
     </span>
     <span class='ocr_line' id='line_1_18' title="bbox 203 1490 1256 1543; baseline 0 -13"><span class='ocrx_word' id='word_1_114' title='bbox 203 1493 317 1530; x_wconf 86' lang='lat' dir='ltr'><strong>Scuta</strong></span> <span class='ocrx_word' id='word_1_115' title='bbox 330 1492 456 1535; x_wconf 68' lang='lat' dir='ltr'><strong>virum,</strong></span> <span class='ocrx_word' id='word_1_116' title='bbox 466 1491 714 1542; x_wconf 78' lang='lat' dir='ltr'><strong>galeasque,et</strong></span> <span class='ocrx_word' id='word_1_117' title='bbox 729 1490 837 1527; x_wconf 86' lang='lat' dir='ltr'><strong>fortia</strong></span> <span class='ocrx_word' id='word_1_118' title='bbox 850 1505 1016 1541; x_wconf 82' lang='lat' dir='ltr'><strong>corpora,</strong></span> <span class='ocrx_word' id='word_1_119' title='bbox 1026 1492 1157 1536; x_wconf 84' lang='lat' dir='ltr'><strong>volves,</strong></span> <span class='ocrx_word' id='word_1_120' title='bbox 1172 1494 1256 1543; x_wconf 85' lang='lat' dir='ltr'><strong>[das</strong></span> 
     </span>
     <span class='ocr_line' id='line_1_19' title="bbox 201 1557 1252 1610; baseline 0 -14"><span class='ocrx_word' id='word_1_121' title='bbox 201 1559 350 1609; x_wconf 88' lang='lat' dir='ltr'><strong>Thybri</strong></span> <span class='ocrx_word' id='word_1_122' title='bbox 366 1567 469 1608; x_wconf 88' lang='lat' dir='ltr'><strong>pater</strong></span> <span class='ocrx_word' id='word_1_123' title='bbox 486 1560 494 1595; x_wconf 90' lang='lat'><strong>!</strong></span> <span class='ocrx_word' id='word_1_124' title='bbox 531 1558 690 1595; x_wconf 84' lang='lat' dir='ltr'><strong>Poscant</strong></span> <span class='ocrx_word' id='word_1_125' title='bbox 710 1558 818 1601; x_wconf 83' lang='lat' dir='ltr'><strong>acies,</strong></span> <span class='ocrx_word' id='word_1_126' title='bbox 837 1568 875 1595; x_wconf 88' lang='lat' dir='ltr'><strong>et</strong></span> <span class='ocrx_word' id='word_1_127' title='bbox 897 1557 1043 1595; x_wconf 82' lang='lat' dir='ltr'><strong>foedera</strong></span> <span class='ocrx_word' id='word_1_128' title='bbox 1069 1569 1252 1610; x_wconf 87' lang='lat' dir='ltr'><strong>rumpant.</strong></span> 
     </span>
     <span class='ocr_line' id='line_1_20' title="bbox 256 1624 1183 1672; baseline 0.001 -10"><span class='ocrx_word' id='word_1_129' title='bbox 256 1625 364 1662; x_wconf 84' lang='lat' dir='ltr'><strong>Haec</strong></span> <span class='ocrx_word' id='word_1_130' title='bbox 385 1624 447 1661; x_wconf 86' lang='lat' dir='ltr'><strong>ubi</strong></span> <span class='ocrx_word' id='word_1_131' title='bbox 467 1624 566 1661; x_wconf 87' lang='lat' dir='ltr'><strong>dicta</strong></span> <span class='ocrx_word' id='word_1_132' title='bbox 586 1624 700 1669; x_wconf 86' lang='lat' dir='ltr'><strong>dedit,</strong></span> <span class='ocrx_word' id='word_1_133' title='bbox 730 1624 820 1662; x_wconf 87' lang='lat' dir='ltr'><strong>solio</strong></span> <span class='ocrx_word' id='word_1_134' title='bbox 841 1638 877 1662; x_wconf 89' lang='lat' dir='ltr'><strong>se</strong></span> <span class='ocrx_word' id='word_1_135' title='bbox 897 1624 994 1662; x_wconf 89' lang='lat' dir='ltr'><strong>tollit</strong></span> <span class='ocrx_word' id='word_1_136' title='bbox 1015 1626 1059 1662; x_wconf 87' lang='lat' dir='ltr'><strong>ab</strong></span> <span class='ocrx_word' id='word_1_137' title='bbox 1080 1625 1154 1663; x_wconf 90' lang='lat' dir='ltr'><strong>alto</strong></span> <span class='ocrx_word' id='word_1_138' title='bbox 1172 1641 1183 1672; x_wconf 88' lang='lat'><strong>;</strong></span> 
     </span>
     <span class='ocr_line' id='line_1_21' title="bbox 202 1690 1072 1743; baseline -0.002 -13"><span class='ocrx_word' id='word_1_139' title='bbox 202 1692 255 1730; x_wconf 89' lang='lat' dir='ltr'><strong>Et</strong></span> <span class='ocrx_word' id='word_1_140' title='bbox 278 1691 435 1741; x_wconf 89' lang='lat' dir='ltr'><strong>primum</strong></span> <span class='ocrx_word' id='word_1_141' title='bbox 457 1690 652 1729; x_wconf 87' lang='lat' dir='ltr'><strong>Herculeis</strong></span> <span class='ocrx_word' id='word_1_142' title='bbox 672 1692 810 1742; x_wconf 86' lang='lat' dir='ltr'><strong>sopitas</strong></span> <span class='ocrx_word' id='word_1_143' title='bbox 829 1692 975 1743; x_wconf 89' lang='lat' dir='ltr'><strong>ignibus</strong></span> <span class='ocrx_word' id='word_1_144' title='bbox 996 1704 1072 1729; x_wconf 84' lang='lat' dir='ltr'><strong>aras</strong></span> 
     </span>
     <span class='ocr_line' id='line_1_22' title="bbox 201 1758 1228 1809; baseline 0.001 -12"><span class='ocrx_word' id='word_1_145' title='bbox 201 1759 370 1804; x_wconf 85' lang='lat' dir='ltr'><strong>Excitat,</strong></span> <span class='ocrx_word' id='word_1_146' title='bbox 390 1758 673 1809; x_wconf 84' lang='lat' dir='ltr'><strong>hesternumque</strong></span> <span class='ocrx_word' id='word_1_147' title='bbox 695 1759 844 1803; x_wconf 84' lang='lat' dir='ltr'><strong>Larem,</strong></span> <span class='ocrx_word' id='word_1_148' title='bbox 862 1773 1064 1809; x_wconf 85' lang='lat' dir='ltr'><strong>parvosque</strong></span> <span class='ocrx_word' id='word_1_149' title='bbox 1082 1760 1228 1798; x_wconf 81' lang='lat' dir='ltr'><strong>Penatis</strong></span> 
     </span>
     <span class='ocr_line' id='line_1_23' title="bbox 201 1825 1164 1872; baseline -0.002 -7"><span class='ocrx_word' id='word_1_150' title='bbox 201 1826 344 1865; x_wconf 83' lang='lat' dir='ltr'><strong>Laetus</strong></span> <span class='ocrx_word' id='word_1_151' title='bbox 362 1825 463 1863; x_wconf 85' lang='lat' dir='ltr'><strong>adit:</strong></span> <span class='ocrx_word' id='word_1_152' title='bbox 494 1835 655 1863; x_wconf 87' lang='lat' dir='ltr'><strong>mactant</strong></span> <span class='ocrx_word' id='word_1_153' title='bbox 674 1825 788 1864; x_wconf 87' lang='lat' dir='ltr'><strong>lectas</strong></span> <span class='ocrx_word' id='word_1_154' title='bbox 807 1827 853 1863; x_wconf 89' lang='lat' dir='ltr'><strong>de</strong></span> <span class='ocrx_word' id='word_1_155' title='bbox 873 1840 972 1863; x_wconf 86' lang='lat' dir='ltr'><strong>more</strong></span> <span class='ocrx_word' id='word_1_156' title='bbox 993 1826 1164 1872; x_wconf 84' lang='lat' dir='ltr'><strong>bidentis,</strong></span> 
     </span>
     <span class='ocr_line' id='line_1_24' title="bbox 201 1892 1108 1945; baseline -0.002 -14"><span class='ocrx_word' id='word_1_157' title='bbox 201 1893 396 1932; x_wconf 89' lang='lat' dir='ltr'><strong>Evandrus</strong></span> <span class='ocrx_word' id='word_1_158' title='bbox 414 1892 563 1942; x_wconf 84' lang='lat' dir='ltr'><strong>pariter,</strong></span> <span class='ocrx_word' id='word_1_159' title='bbox 593 1892 728 1943; x_wconf 82' lang='lat' dir='ltr'><strong>pariter</strong></span> <span class='ocrx_word' id='word_1_160' title='bbox 748 1892 909 1945; x_wconf 85' lang='lat' dir='ltr'><strong>Trojana</strong></span> <span class='ocrx_word' id='word_1_161' title='bbox 925 1895 1108 1944; x_wconf 87' lang='lat' dir='ltr'><strong>juventus.</strong></span> 
     </span>
     <span class='ocr_line' id='line_1_25' title="bbox 202 1959 1159 2011; baseline -0.001 -13"><span class='ocrx_word' id='word_1_162' title='bbox 202 1960 294 1998; x_wconf 83' lang='lat' dir='ltr'><strong>Post</strong></span> <span class='ocrx_word' id='word_1_163' title='bbox 313 1960 396 1997; x_wconf 91' lang='lat' dir='ltr'><strong>hinc</strong></span> <span class='ocrx_word' id='word_1_164' title='bbox 416 1959 463 1996; x_wconf 86' lang='lat' dir='ltr'><strong>ad</strong></span> <span class='ocrx_word' id='word_1_165' title='bbox 482 1959 578 1997; x_wconf 88' lang='lat' dir='ltr'><strong>navis</strong></span> <span class='ocrx_word' id='word_1_166' title='bbox 596 1960 776 2011; x_wconf 83' lang='lat' dir='ltr'><strong>graditur,</strong></span> <span class='ocrx_word' id='word_1_167' title='bbox 798 1961 989 2010; x_wconf 88' lang='lat' dir='ltr'><strong>sociosque</strong></span> <span class='ocrx_word' id='word_1_168' title='bbox 1010 1960 1131 1997; x_wconf 87' lang='lat' dir='ltr'><strong>revisit</strong></span> <span class='ocrx_word' id='word_1_169' title='bbox 1149 1975 1159 1998; x_wconf 90' lang='lat'><strong>:</strong></span> 
     </span>
     <span class='ocr_line' id='line_1_26' title="bbox 202 2026 1203 2077; baseline 0 -14"><span class='ocrx_word' id='word_1_170' title='bbox 202 2029 372 2077; x_wconf 78' lang='lat' dir='ltr'><strong>Quorum</strong></span> <span class='ocrx_word' id='word_1_171' title='bbox 391 2027 436 2064; x_wconf 87' lang='lat' dir='ltr'><strong>de</strong></span> <span class='ocrx_word' id='word_1_172' title='bbox 457 2040 620 2071; x_wconf 88' lang='lat' dir='ltr'><strong>numero,</strong></span> <span class='ocrx_word' id='word_1_173' title='bbox 649 2026 712 2077; x_wconf 88' lang='lat' dir='ltr'><strong>qui</strong></span> <span class='ocrx_word' id='word_1_174' title='bbox 728 2040 803 2064; x_wconf 88' lang='lat' dir='ltr'><strong>sese</strong></span> <span class='ocrx_word' id='word_1_175' title='bbox 821 2028 856 2063; x_wconf 91' lang='lat' dir='ltr'><strong>in</strong></span> <span class='ocrx_word' id='word_1_176' title='bbox 877 2027 971 2064; x_wconf 84' lang='lat' dir='ltr'><strong>bella</strong></span> <span class='ocrx_word' id='word_1_177' title='bbox 991 2037 1203 2077; x_wconf 86' lang='lat' dir='ltr'><strong>sequantur,</strong></span> 
     </span>
     <span class='ocr_line' id='line_1_27' title="bbox 203 2093 1099 2145; baseline 0.001 -15"><span class='ocrx_word' id='word_1_178' title='bbox 203 2093 424 2131; x_wconf 81' lang='lat' dir='ltr'><strong>Praestantis</strong></span> <span class='ocrx_word' id='word_1_179' title='bbox 444 2094 578 2131; x_wconf 81' lang='lat' dir='ltr'><strong>virtute</strong></span> <span class='ocrx_word' id='word_1_180' title='bbox 598 2094 711 2145; x_wconf 87' lang='lat' dir='ltr'><strong>legit;</strong></span> <span class='ocrx_word' id='word_1_181' title='bbox 745 2108 828 2144; x_wconf 84' lang='lat' dir='ltr'><strong>pars</strong></span> <span class='ocrx_word' id='word_1_182' title='bbox 846 2104 966 2132; x_wconf 77' lang='lat' dir='ltr'><strong>cetem</strong></span> <span class='ocrx_word' id='word_1_183' title='bbox 986 2108 1099 2144; x_wconf 89' lang='lat' dir='ltr'><strong>prona</strong></span> 
     </span>
     <span class='ocr_line' id='line_1_28' title="bbox 204 2159 1152 2212; baseline 0.001 -16"><span class='ocrx_word' id='word_1_184' title='bbox 204 2159 338 2197; x_wconf 83' lang='lat' dir='ltr'><strong>Fertur</strong></span> <span class='ocrx_word' id='word_1_185' title='bbox 356 2173 464 2210; x_wconf 83' lang='lat' dir='ltr'><strong>aqua,</strong></span> <span class='ocrx_word' id='word_1_186' title='bbox 493 2162 686 2212; x_wconf 87' lang='lat' dir='ltr'><strong>segnisque</strong></span> <span class='ocrx_word' id='word_1_187' title='bbox 705 2162 866 2199; x_wconf 79' lang='lat' dir='ltr'><strong>secundo</strong></span> <span class='ocrx_word' id='word_1_188' title='bbox 894 2162 1021 2199; x_wconf 87' lang='lat' dir='ltr'><strong>defluit</strong></span> <span class='ocrx_word' id='word_1_189' title='bbox 1043 2161 1152 2206; x_wconf 83' lang='lat' dir='ltr'><strong>amni,</strong></span> 
     </span>
     <span class='ocr_line' id='line_1_29' title="bbox 204 2226 1158 2279; baseline 0.001 -15"><span class='ocrx_word' id='word_1_190' title='bbox 204 2226 346 2264; x_wconf 84' lang='lat' dir='ltr'><strong>Nuntia</strong></span> <span class='ocrx_word' id='word_1_191' title='bbox 364 2237 515 2266; x_wconf 82' lang='lat' dir='ltr'><strong>ventura</strong></span> <span class='ocrx_word' id='word_1_192' title='bbox 535 2229 702 2267; x_wconf 85' lang='lat' dir='ltr'><strong>Ascanio</strong></span> <span class='ocrx_word' id='word_1_193' title='bbox 723 2243 928 2279; x_wconf 81' lang='lat' dir='ltr'><strong>rerumque,</strong></span> <span class='ocrx_word' id='word_1_194' title='bbox 959 2229 1158 2278; x_wconf 79' lang='lat' dir='ltr'><strong>patrisque.</strong></span> 
     </span>
    </p>
   </div>
   <div class='ocr_carea' id='block_1_3' title="bbox 690 2297 775 2334">
    <p class='ocr_par' dir='ltr' id='par_1_3' title="bbox 690 2297 775 2334">
     <span class='ocr_line' id='line_1_30' title="bbox 690 2297 775 2334; baseline -0.024 0"><span class='ocrx_word' id='word_1_195' title='bbox 690 2297 775 2334; x_wconf 63' lang='grc' dir='ltr'><strong>ΡΩ</strong></span> 
     </span>
    </p>
   </div>
  </div>
 </body>
</html>
