1455 2685
262 314 342 353 226
556 315 857 356 AENEIDOS
914 317 1014 355 XII.
1173 332 1207 356 v.
1226 319 1312 361 187.

267 427 330 465 Sin
352 435 516 465 nostrum
536 429 699 466 annuerit
720 429 824 467 nobis
843 428 1011 466 Victoria
1032 429 1206 475 Martem,

267 493 325 531 Ut
345 494 467 543 potius
487 509 581 539 reor,
600 504 636 532 et
657 496 781 546 potius
801 496 838 533 di
860 495 1003 533 numine
1023 496 1166 534 firment
1183 512 1195 543 ;

266 560 352 598 Non
373 575 444 612 ego
464 576 528 599 nec
549 562 706 600 Teucris
728 562 842 599 Italos
862 576 986 613 parere
1000 563 1153 614 jubebo,

265 627 346 666 Nec
367 628 454 664 mihi
474 643 583 680 regna
603 638 715 679 peto:
747 629 895 679 paribus
915 643 950 667 se
970 629 1115 681 legibus
1135 630 1260 667 ambae

263 694 430 732 Invictae
450 706 577 746 gentes
598 705 743 733 aeterna
761 695 797 731 in
818 693 964 732 foedera
988 696 1150 733 mittant.

267 761 389 804 Sacra,
410 761 583 813 deosque,
604 763 700 799 dabo
718 777 727 800 :
751 775 851 799 socer
868 776 963 799 arma
978 762 1135 800 Latinus
1150 762 1284 800 habeto
1301 778 1313 808 ς

265 828 465 877 Imperium
486 828 656 866 sollemne
677 842 805 866 socer:
837 828 923 865 mihi
944 829 1082 871 moenia
1102 829 1241 867 Teucri

263 894 516 940 Constituent,
537 895 692 945 urbique
712 895 814 932 dabit
836 895 988 932 Lavinia
1007 909 1151 933 nomen.

319 961 380 999 Sic
401 962 500 1011 prior
516 962 663 999 Aeneas
683 977 693 1000 ε
715 962 880 1012 sequitur
895 962 944 999 sic
965 961 1093 1000 deinde
1114 961 1287 1006 Latinus,

265 1028 474 1078 Suspiciens
493 1028 636 1066 coelum
656 1044 666 1073 ;
687 1029 878 1079 tenditque
899 1029 945 1065 ad
960 1028 1075 1065 sidera
1093 1028 1283 1066 dextram:

262 1093 372 1131 Haec
392 1095 530 1138 eadem,
552 1096 697 1139 Aenea,
717 1095 886 1139 Terram,
908 1095 1028 1139 Mare,
1051 1094 1191 1139 Sidera,
1212 1096 1312 1146 juro,

261 1161 502 1211 Latonaeque
522 1176 638 1213 genus
658 1161 809 1212 duplex,
829 1162 1034 1211 Janumque
1053 1161 1268 1206 bifrontem,

261 1227 421 1278 Vimque
440 1228 547 1265 desim
566 1227 755 1272 infernam,
784 1236 821 1264 et
842 1227 923 1264 duri
944 1227 1096 1264 sacraria
1115 1226 1220 1265 Ditis
1235 1243 1246 1272 3

260 1295 408 1332 Audiat
427 1295 517 1332 haec
541 1294 714 1338 Genitor,
736 1294 799 1344 qui
818 1293 965 1331 foedera
984 1293 1134 1331 fulmine
1155 1295 1268 1331 sancit
1286 1309 1296 1332 :

260 1362 398 1414 Tango
417 1376 493 1399 aras
511 1378 521 1408 ;
552 1361 689 1399 medios
707 1361 814 1412 ignis,
843 1370 880 1397 et
900 1360 1059 1404 numina,
1086 1369 1202 1398 testor
1220 1376 1229 1398 :

261 1428 375 1468 Nulla
395 1429 469 1466 dies
488 1442 616 1479 pacem
635 1429 727 1466 hanc
751 1427 868 1472 Italis,
889 1442 952 1465 nec
973 1427 1132 1472 foedera,
1151 1438 1312 1478 rumpet,

261 1497 350 1546 Quo
372 1509 426 1533 res
446 1509 604 1546 cumque
625 1496 757 1533 cadent
776 1511 785 1533 :
808 1509 874 1533 nec
895 1509 951 1532 me
972 1494 1024 1532 vis
1044 1493 1117 1531 ulla
1132 1494 1312 1533 volentem

259 1564 448 1609 Avertet;
477 1577 563 1607 non,
595 1563 623 1600 si
642 1562 810 1600 tellurem
827 1560 993 1600 effundat
1012 1561 1047 1598 in
1066 1561 1194 1608 undas,

259 1630 414 1668 Diluvio
428 1630 592 1674 miscens,
606 1629 820 1680 coelumque
832 1629 867 1666 in
881 1629 1040 1667 Tartara
1051 1628 1184 1667 solvat:
1201 1629 1309 1681 [bat)

260 1699 320 1736 Ut
342 1707 527 1747 sceptrum
543 1697 614 1733 hoc
635 1695 786 1746 (dextra
801 1706 988 1747 sceptrum
1003 1709 1085 1733 nam
1099 1695 1195 1734 forte
1210 1710 1313 1748 gere·

259 1764 474 1814 Numquam
487 1761 614 1799 fronde
628 1762 695 1800 levi
707 1762 837 1800 fundet
849 1762 1140 1814 virgulta,neque
1151 1763 1311 1807 umbras,

259 1830 356 1868 Cum
377 1828 486 1866 semel
504 1828 538 1865 in
561 1827 669 1873 silvis,
697 1827 770 1865 imo
791 1829 835 1865 de
856 1828 968 1878 stirpe
988 1828 1156 1873 recisum,

258 1897 383 1935 Matre
404 1904 517 1939 caret,
545 1895 743 1945 posuitque
763 1909 886 1933 comas
905 1904 943 1932 et
963 1894 1112 1932 brachia
1131 1895 1226 1933 ferro
1243 1912 1254 1941 ;

260 1965 363 2003 Olim
382 1964 489 2002 arbos
507 1978 518 2008 ;
546 1976 641 2000 nunc
661 1962 810 1999 artificis
830 1976 955 2000 manus
975 1975 1054 1999 aere
1071 1962 1207 2000 decoro

258 2031 428 2075 Inclusit‚
456 2029 694 2081 patribusque
714 2028 815 2066 dedit
835 2037 976 2079 gestare
996 2028 1153 2066 Latinis.

312 2096 467 2135 Talibus
488 2097 582 2134 inter
601 2110 638 2134 se
658 2096 848 2133 firmabant
868 2095 1014 2134 foedera
1028 2095 1150 2140 dictis,

257 2164 470 2214 Conspectu
490 2164 525 2201 in
546 2163 665 2200 medio
685 2176 900 2214 procerum:
932 2171 1011 2200 tum
1031 2163 1100 2200 rite
1121 2173 1276 2202 sacratas

258 2231 303 2269 In
325 2231 503 2270 flammam
519 2230 693 2285 jugulant
712 2231 886 2283 pecudes,
913 2238 951 2269 et
970 2229 1106 2269 viscera
1124 2229 1211 2267 vivis
