1455 2685
176 305 214 330 v.
231 292 310 333 718
513 289 816 329 AENEIDOS
873 293 922 330 V.
1171 296 1223 335 27

174 404 318 442 Urbem
336 401 570 452 appellabunt
590 401 763 452 permisso
783 403 925 439 nomine
946 404 1136 443 Acestam.

227 468 381 506 Talibus
401 469 564 504 incensus
584 468 691 505 dictis
711 468 856 505 senioris
876 468 993 506 amici.
1059 475 1062 478 ’

174 535 276 573 Tum
296 549 379 572 vero
400 535 434 571 in
455 548 558 572 curas
578 535 734 571 animum
754 535 940 572 diducitur
967 536 1110 582 omnis;

172 601 228 640 Et
249 615 319 638 nox
340 610 418 638 atra
437 600 576 651 polum,
605 600 699 651 bigis
719 601 903 646 subvecta,
931 603 1092 639 tenebat.

173 668 261 705 Visa
277 654 409 704 deliine
429 666 532 704 coelo
552 666 660 704 facies
672 667 817 717 delapsa
837 669 994 718 parentis

170 732 358 772 Anchisae
386 733 508 770 subito
529 732 609 770 talis
628 732 813 771 effundere
833 748 962 772 voces:

171 799 284 844 Nate,
312 799 399 836 mihi
418 799 490 836 vita
509 799 708 849 quondam,
728 799 815 836 dum
835 800 908 837 vita
931 801 1113 846 manebat,

171 865 265 904 Care
285 866 401 917 magis
419 880 430 910 ς
459 874 555 909 nate,
578 864 698 902 Iliacis
717 866 875 903 exercite
894 866 977 904 fatis
995 882 1006 912 ς

170 932 332 982 Imperio
352 931 453 970 Jovis
473 931 546 969 huc
567 932 683 975 venio,
712 933 772 981 qui
795 931 966 970 classibus
991 933 1114 984 ignem

170 997 344 1048 Depulit,
363 1006 400 1036 et
419 997 523 1035 coelo
544 998 687 1035 tandem
708 998 894 1035 miseratus
913 999 957 1035 ab
979 998 1052 1035 alto
1072 1005 1141 1034 est.

171 1064 338 1104 Consiliis
358 1077 455 1113 pare,
485 1078 578 1114 quae
598 1078 691 1101 nunc
714 1063 953 1115 pulcherrima
973 1064 1113 1102 Nautes

170 1130 253 1168 Dat
272 1130 410 1168 senior:
441 1129 553 1167 lectos
567 1132 728 1180 juvenes,
747 1131 942 1167 fortissima
961 1131 1085 1175 corda,

170 1197 290 1236 Defer
308 1197 344 1233 in
368 1196 524 1234 ltaliam.
557 1196 661 1235 Gens
677 1196 780 1240 dura,
800 1207 910 1247 atque
929 1211 1054 1247 aspera
1073 1198 1190 1245 cultu,

170 1262 402 1302 Debellanda
423 1263 489 1300 tibi
512 1263 623 1300 Latio
643 1273 709 1300 est.
742 1263 844 1301 Ditis
863 1273 981 1300 tamen
1002 1274 1084 1301 ante

170 1328 335 1366 Infernas
353 1329 485 1366 accede
505 1329 646 1373 domos,
673 1341 710 1366 et
730 1330 882 1367 Averna
902 1345 967 1380 per
986 1330 1058 1367 alta

170 1396 396 1448 Congressus
412 1404 511 1446 pete,
526 1405 623 1440 nate,
639 1410 755 1434 meos:
779 1411 850 1433 non
867 1411 922 1433 me
938 1398 1047 1446 impia
1063 1411 1217 1448 namque

170 1463 328 1501 Tartara
339 1463 487 1506 habent,
502 1462 624 1500 tristes
638 1464 783 1499 umbrae
801 1478 811 1508 ;
832 1464 893 1500 sed
905 1477 1053 1501 amoena
1074 1465 1217 1514 piorum

170 1528 336 1568 Concilia
358 1529 599 1579 Elysiumque
619 1529 714 1566 colo.
748 1529 838 1566 Huc
852 1539 951 1566 casta
972 1529 1112 1579 Sibylla

171 1596 370 1647 Nigrarum
391 1595 506 1632 multo
519 1595 700 1645 pecudum
716 1605 753 1632 te
773 1596 944 1646 sauguine
961 1596 1084 1633 ducet.
1121 1599 1215 1646 [ces.

171 1662 271 1700 Tum
287 1675 403 1714 genus
416 1675 522 1698 omne
535 1671 653 1706 tuum,
678 1672 715 1699 et
731 1676 823 1712 quae
835 1663 967 1700 dentur
978 1664 1131 1708 moenia,
1147 1664 1220 1702 dis-

169 1731 323 1780 Jamque
339 1729 414 1767 vale
432 1731 441 1767 !
466 1739 614 1781 torquet
635 1730 770 1766 medios
792 1729 877 1766 Nox
895 1730 1042 1768 humida
1061 1745 1187 1769 cursus
1203 1747 1216 1778 ς

170 1797 224 1836 Et
245 1810 301 1834 me
320 1810 442 1835 saevus
461 1796 564 1847 equis
584 1796 715 1834 Oriens
734 1794 866 1833 afflavit
895 1797 1042 1835 anhelis.

169 1863 354 1909 Dixerat;
381 1873 420 1901 et
438 1863 554 1901 tenuis
576 1862 685 1914 fugit,
714 1877 781 1900 ceu
801 1862 933 1906 fumus,
963 1864 996 1900 in
1017 1877 1133 1902 auras.

169 1930 331 1972 Aeneas,
350 1931 438 1980 Quo
459 1929 584 1966 deinde
605 1930 676 1966 ruis
694 1931 702 1967 !
735 1943 810 1979 quo
825 1930 979 1980 proripis
998 1931 1010 1968 ?
1030 1931 1164 1981 inquit,

171 1997 293 2047 Quem
312 1996 408 2048 fugis
423 1998 434 2034 ?
453 2005 516 2034 aut
532 1997 611 2046 quis
626 2005 662 2033 te
678 1996 808 2033 nostris
824 1996 1074 2046 complexibus
1089 2006 1186 2035 arcet
1204 1999 1217 2036 ἓ

171 2062 280 2101 Hace
299 2076 513 2108 memorans,
533 2063 687 2100 cinerem
706 2073 743 2100 et
763 2063 902 2113 sopitos
922 2064 1073 2101 suscitat
1093 2064 1186 2116 ignis
1207 2079 1219 2110 ς

173 2129 484 2180 Pergameumque
505 2129 654 2173 Larem,
672 2138 709 2166 et
729 2142 837 2166 canae
854 2129 1049 2179 penetralia
1069 2131 1217 2174 Vestae,

173 2194 282 2235 Farre
301 2194 363 2246 pio
382 2204 420 2234 et
438 2194 544 2246 plena
562 2194 716 2246 supplex
738 2205 926 2233 veneratur
945 2209 1077 2235 acerra.

653 2261 744 2299 DQ
