1455 2685
183 303 216 328 v.
233 291 323 328 215.
490 288 795 328 AENEIDOS
848 291 925 328 IX.
1158 295 1228 331 131

175 399 339 438 Absenti
358 398 451 437 ferat
471 399 628 444 inferias,
647 400 870 451 decoretque
886 400 1064 450 sepulcro,

177 467 262 505 Neu
282 466 387 504 matri
407 466 554 504 miserae
573 467 667 504 tanti
686 467 752 503 sim
771 480 896 504 caussa
918 467 1078 513 doloris;
1101 481 1103 483 ¹

179 534 285 583 Quae
303 542 342 570 te
363 533 450 578 sola,
471 547 576 583 puer,
604 533 726 571 multis
745 548 765 571 e
785 534 960 571 matribus
979 547 1065 571 ausa

179 599 428 650 Persequitur,
447 600 569 650 magni
590 613 655 637 nec
676 601 815 637 moenia
835 610 939 638 curat
963 602 1133 639 Acestae.

181 665 249 703 Ille
263 675 409 704 autem:
442 666 597 704 caussas
617 668 862 718 nequidquam
881 668 996 705 nectis
1015 669 1142 714 inanis,

180 732 262 771 Nec
282 746 359 770 mea
372 735 448 784 jam
468 742 608 770 mutata
626 734 708 772 loco
729 734 904 772 sententia
924 735 1034 774 cedit.

180 798 456 844 Acceleremus,
483 800 559 845 ait3
589 800 714 851 vigiles
735 800 839 838 simul
858 801 1025 840 excitat:
1055 801 1107 838 illi

181 866 407 911 Succedunt,
437 876 648 917 servantque
669 867 788 905 vices:
819 868 973 905 statione
986 868 1126 913 relicta,

182 932 269 985 Ipse
288 947 409 972 comes
431 934 522 972 Niso
543 934 723 985 graditur,
753 949 949 986 regemque
975 936 1177 986 requirunt.

234 1001 367 1039 Cetera
385 1012 452 1049 per
469 1008 580 1036 terras
598 1000 714 1036 omnis
734 1000 898 1037 animalia
919 1015 1045 1038 somno

183 1065 378 1103 Laxabant
397 1079 514 1109 curaS,
542 1075 579 1103 et
600 1067 711 1104 corda
730 1066 847 1104 oblita
867 1067 1059 1106 laborum:

181 1132 372 1170 Ductores
391 1132 579 1170 Teucrum
598 1133 718 1183 primi,
747 1133 889 1171 delecta
904 1136 1090 1185 juventus,

183 1199 386 1238 Consilium
407 1200 554 1237 summis
573 1200 676 1251 regni
697 1200 741 1237 de
762 1201 868 1238 rebus
889 1201 1088 1245 habebant,

185 1266 289 1316 Quid
309 1265 485 1310 facerent,
505 1266 630 1317 quisve
650 1268 802 1304 Aeneae
816 1269 890 1318 jam
917 1268 1065 1305 nuntius
1085 1276 1178 1305 esset
1197 1283 1207 1306 :

186 1333 294 1371 Stant
312 1332 433 1384 longis
452 1333 574 1370 adnixi
595 1333 720 1376 hastis,
741 1344 779 1371 et
800 1343 903 1371 scuta
923 1343 1101 1379 tenentes,

185 1399 399 1438 Castrorum
418 1408 456 1437 et
475 1400 594 1450 campi
615 1400 746 1438 medio.
779 1400 880 1438 Tum
897 1401 1008 1439 Nisus
1028 1411 1066 1438 et
1088 1415 1157 1438 una

186 1466 372 1516 Euryalus
391 1466 582 1503 confestim
604 1466 738 1504 alacres
758 1468 944 1505 admittier
964 1478 1070 1505 orant
1088 1484 1097 1506 ε

189 1534 284 1571 Rem
297 1534 717 1585 magnam‚p1·etiumque
731 1548 850 1571 morae
864 1534 952 1572 fore.
976 1536 1120 1572 Primus
1135 1535 1238 1573 Iulus

187 1600 353 1651 Accepit
372 1600 547 1650 trepidos,
567 1613 608 1638 ac
630 1600 761 1638 Nisum
782 1601 901 1638 dicere
917 1603 1037 1652 jussit.

188 1665 290 1704 Tum
311 1666 361 1704 sic
380 1665 609 1717 Hyrtacides
626 1682 636 1705 ε
668 1668 816 1704 Audite
831 1682 853 1704 ο
872 1670 880 1705 !
907 1668 1088 1705 mentibus
1104 1668 1242 1718 aequis,

190 1734 391 1772 Aeneadae
409 1749 420 1779 ς
440 1747 526 1771 neve
546 1734 636 1771 haec
654 1733 785 1771 nostris
804 1742 1017 1784 spectentur
1037 1736 1082 1772 ab
1102 1736 1217 1780 annis,

192 1801 300 1850 Quae
318 1799 480 1838 ferimus.
515 1800 660 1845 Rutuli,
681 1813 806 1838 somno
827 1801 983 1851 vinoque
1002 1801 1125 1846 soluti,

193 1866 428 1905 procubuere
446 1881 455 1905 ε
486 1866 608 1905 locum
628 1867 764 1904 insidiis
779 1869 1036 1918 conspeximus
1055 1869 1137 1918 ipsi,

194 1933 271 1984 Qui
290 1943 394 1984 patet
413 1934 449 1970 in
468 1934 567 1971 bivio
588 1944 731 1985 portae,
761 1949 853 1985 quae
875 1936 1040 1984 proxima
1059 1944 1175 1986 ponto
1194 1950 1203 1973 ε

195 1999 401 2050 Interrupti
420 2000 538 2052 ignes,
566 2011 716 2053 aterque
735 2003 779 2039 ad
801 2002 913 2039 sidera
934 2001 1054 2039 fumus

196 2066 391 2118 Erigitur:
423 2068 451 2105 si
471 2067 618 2106 fortuna
640 2069 852 2119 permittitis
873 2069 940 2113 uti,

197 2134 414 2184 Quaesitum
433 2134 587 2172 Aenean
607 2136 653 2173 ad
673 2136 811 2173 moenia
832 2136 1017 2173 Pallantea

198 2198 296 2238 Mox
316 2200 376 2239 hic
396 2215 480 2239 cum
499 2202 637 2252 spoliis,
656 2203 797 2254 ingenti
817 2203 925 2241 caede
945 2211 1107 2253 peracta,

687 2269 779 2307 Re>
