1455 2685
149 358 182 382 v.
203 346 292 382 550.
474 341 775 379 AENEIDOS
834 344 884 380 X.
1120 347 1194 384 173

206 454 411 506 Tarquitus
431 454 613 491 exsultans
632 462 759 490 contra
778 453 1004 504 fulgentibus
1023 455 1142 498 armis,

155 522 346 560 Silvicolae
368 521 495 558 Fauno
516 521 672 570 Dryope
685 533 791 569 quem
814 521 974 570 nympha
992 530 1143 567 crearat,

154 590 297 627 Obvius
316 588 453 624 ardenti
474 601 548 624 sese
568 586 701 623 obtulit
720 601 728 623 ε
761 585 819 623 ille
835 587 984 623 reducta

152 656 342 699 Loricam,
371 653 550 704 clipeique
570 653 697 703 ingens
717 667 821 696 onus,
842 653 992 703 impedit
1012 654 1127 691 hasta.

153 722 251 759 Tum
273 729 383 771 caput
403 720 538 757 orantis
558 720 814 769 nequidquam,
834 728 870 756 et
884 720 997 757 multa
1012 721 1169 770 parantis

151 789 302 833 Dicere,
332 788 504 825 deturbat
525 796 641 824 terrae
660 803 669 831 3
700 797 941 836 truncumque
961 796 1143 837 tepentem

151 856 383 900 Provolvens,
403 869 510 905 super
528 855 616 891 haec
637 853 781 890 inimico
801 863 950 903 pectore
973 853 1069 891 fatur
1086 869 1095 891 ε

152 923 243 960 Istic
264 937 371 966 nunc,
392 922 598 966 metuende,
615 923 708 973 jace.
739 921 825 958 Non
847 930 883 957 te
899 921 1037 971 optima
1055 930 1170 958 mater

149 990 294 1028 Condet
315 989 430 1032 humi,
450 988 611 1038 patriove
624 987 787 1024 onerabit
808 988 967 1024 membra
986 987 1175 1039 sepulcro:

149 1055 320 1093 Alitibus
339 1054 497 1104 linquere
517 1053 599 1091 feris
617 1071 627 1100 3
656 1063 719 1091 aut
738 1053 887 1104 gurgite
906 1067 1062 1090 mersum

151 1123 263 1160 Unda
284 1121 388 1166 feret,
410 1120 598 1171 piscesque
619 1121 762 1171 impasti
783 1120 926 1157 volnera
940 1120 1112 1158 lambent.

178 1189 356 1226 Protcnus
371 1190 557 1226 Antaeum
569 1198 605 1225 et
620 1188 899 1238 Lucam‚prima
911 1187 1052 1238 agmina
1063 1189 1195 1234 Turni,

143 1255 396 1306 Persequitur3
412 1255 615 1305 fortemque
630 1255 803 1297 Numam,
815 1253 1026 1304 fulvumque
1042 1256 1191 1292 Camer-

142 1322 380 1373 Magnanimo
400 1320 599 1358 Volscente
618 1330 747 1365 satum,
765 1320 959 1357 ditissimus
975 1321 1053 1371 agri
1075 1324 1187 1371 [ten1,

143 1388 220 1440 Qui
240 1387 310 1425 fuit
328 1388 579 1432 Ausonidum,
599 1397 635 1425 et
655 1388 775 1424 tacitis
792 1388 956 1438 regnavit
976 1388 1160 1438 Amyclis.

144 1457 328 1508 Aegaeon
349 1454 478 1505 qualis,
497 1464 643 1492 centum
663 1454 721 1491 cui
741 1455 889 1492 brachia
908 1455 1048 1500 dicunt,

144 1523 399 1572 Centenasque
419 1535 558 1566 manus,
578 1521 844 1572 quinquaginta
864 1522 988 1559 oribus
1007 1523 1129 1574 ignem

146 1590 436 1639 Pectoribusque
456 1588 593 1632 arsisse,
614 1587 714 1626 Jovis
734 1601 817 1624 cum
839 1587 989 1624 fulmina
1010 1598 1138 1626 contra

144 1657 223 1695 Tot
245 1656 390 1706 paribus
411 1664 586 1705 streperet
603 1654 740 1704 clipeis,
760 1663 816 1691 tot
835 1654 1026 1706 stringeret
1046 1658 1138 1693 ensis
1154 1673 1163 1695 :

149 1723 210 1760 Sic
231 1731 314 1760 toto
334 1722 482 1759 Aeneas
502 1722 658 1759 desaevit
678 1722 711 1758 in
729 1736 884 1771 aequore
906 1722 1033 1767 victor,

144 1790 202 1827 Ut
223 1788 331 1826 semel
349 1788 507 1838 intepuit
528 1801 666 1824 mucro.
699 1788 798 1837 Quin
817 1802 903 1825 ecce
922 1791 930 1826 !
955 1789 1112 1839 Niphaei

144 1855 390 1906 Quadrijuges
409 1854 443 1890 in
464 1868 590 1905 equos,
607 1855 829 1904 adversaque
845 1864 1009 1905 pectora,
1029 1857 1144 1894 tendit
1164 1873 1174 1903 ς

144 1922 277 1972 Atque
297 1920 360 1965 illi,
380 1920 488 1972 longe
506 1921 732 1972 gradientem
753 1931 789 1959 et
809 1921 885 1958 dira
904 1921 1115 1960 fiementem

144 1989 202 2026 Ut
222 1987 354 2031 videre,
376 1996 475 2024 metu
496 1988 598 2033 versi,
619 1997 789 2038 retroque
809 1999 968 2033 ruentes,

147 2053 432 2104 Effunduntque
453 2053 596 2098 ducem,
618 2055 836 2105 rapiuntque
855 2056 899 2092 ad
916 2056 1041 2093 littora
1055 2070 1192 2094 currus.

199 2121 341 2157 Interea
361 2120 495 2171 bijugis
514 2119 621 2158 infert
642 2134 678 2157 se
696 2121 871 2172 Lucagus
892 2122 981 2159 albis

144 2186 188 2223 In
209 2186 357 2230 medios,
385 2185 568 2237 fraterque
589 2187 731 2239 Liger:
765 2188 825 2225 sed
848 2187 960 2226 frater
979 2189 1126 2226 habenis

145 2251 280 2293 Flectit
300 2266 440 2305 equos;
470 2253 636 2291 strictum
653 2263 750 2292 rotat
770 2269 850 2292 acer
866 2256 1044 2308 Lucagus
1059 2271 1192 2295 ensem.
