1455 2685
178 296 211 321 v.
232 285 320 322 103.
482 282 785 321 AENEIDOS
844 284 919 322 IX.
1158 289 1232 328 127

185 394 240 432 Et
260 393 418 433 Galatea
438 402 560 432 secant
579 402 809 445 spumantem
829 404 978 444 pectore
998 405 1165 446 pontum.

186 460 347 499 Dixerat
365 475 376 507 ;
405 460 515 511 idque
533 470 651 498 ratum
673 461 796 512 Stygii
817 475 881 511 per
901 462 1047 500 flumina
1067 463 1200 509 fratris,

182 527 254 567 Per
272 528 353 578 pice
372 528 542 565 torrentis
560 536 709 578 atraque
731 528 901 578 voragine
921 528 1029 578 ripas,

179 595 344 645 Adnuit,
372 603 410 632 et
429 603 552 632 totum
572 603 664 632 nutu
683 593 885 632 tremefecit
904 594 1122 646 Olympum.

234 649 341 711 Ergo
361 660 486 697 aderat
507 659 682 710 promissa
701 660 790 703 dies,
811 669 847 697 et
867 670 1034 710 tempora
1054 663 1190 700 Parcae

178 726 323 766 Debita
342 725 566 777 complerant
583 741 594 772 ;
625 740 739 776 quum
759 725 879 763 Turni
898 727 1025 779 injuria
1046 730 1220 767 Matrem>

178 793 391 831 Admonuit
410 793 550 830 ratibus
569 793 677 830 sacris
697 793 874 843 depellere
893 795 1029 832 taedas.

181 859 260 898 Hic
276 860 432 910 primum
453 874 544 897 nova
562 859 624 898 lux
646 860 761 898 oculis
781 860 933 906 offulsit,
961 872 999 899 et
1018 861 1146 913 ingens

179 927 290 965 Visus
309 928 355 965 ab
375 927 528 965 Aurora
548 927 691 964 coelum
703 936 945 965 transcurrere
965 928 1122 974 nimbus,

181 993 355 1044 Idaeique
374 993 501 1032 chori:
532 1003 611 1031 tum
633 1008 703 1031 vox
723 994 900 1031 horrenda
919 1009 983 1044 per
1002 1007 1105 1032 auras

180 1060 399 1106 Excidit,.et
412 1060 556 1098 Troum
574 1060 871 1111 Rutulorumque
884 1062 1027 1113 agmina
1039 1062 1201 1114 complet
1218 1078 1226 1098 :

180 1126 239 1164 Ne
259 1126 439 1177 trepidate
458 1140 567 1172 meas,
583 1126 736 1171 Teucri,
766 1127 957 1166 defendere
978 1129 1089 1174 navis,

180 1192 283 1231 Neve
303 1202 439 1231 armate
459 1207 609 1231 manus:
641 1195 750 1231 maria
763 1204 846 1231 ante
865 1208 1016 1232 exurere
1037 1195 1182 1241 Turno,

180 1260 303 1310 Quam
323 1274 438 1298 sacras
458 1261 606 1298 dabitur
624 1261 742 1311 pinus,
799 1262 879 1299 Vos
899 1262 948 1298 ite
969 1261 1121 1306 solutae,

180 1327 254 1372 Ite,
267 1328 354 1364 deae
365 1327 487 1379 pelagi
505 1343 515 1372 ;
532 1327 712 1366 Genetrix
723 1327 841 1378 jubet.
892 1328 959 1371 Et,
973 1341 1035 1364 sua
1051 1342 1229 1378 quaeque,

178 1393 368 1432 Continuo
388 1407 531 1445 puppes
550 1395 771 1444 abrumpunt
792 1393 934 1430 vincula
954 1393 1056 1444 ripis,

177 1460 481 1512 Delphinumque
500 1462 610 1499 modo
630 1460 800 1497 demersis
819 1473 978 1510 aequora
996 1462 1121 1498 rostris

180 1527 260 1564 Ima
279 1537 424 1578 petunt.
483 1528 585 1566 Hine
606 1527 800 1579 virgineae,
821 1526 982 1564 mirabile
1010 1536 1228 1573 monstrum,

179 1595 286 1645 Quot
303 1595 401 1645 prius
420 1604 560 1633 aeratae
581 1604 757 1632 steterant
776 1595 822 1631 ad
842 1594 968 1631 littora
988 1608 1130 1644 prorae,

182 1661 359 1699 Reddunt
372 1675 407 1699 se
427 1662 582 1699 totidem
601 1661 725 1706 facies,
756 1669 944 1712 pontoque
964 1659 1143 1700 feruntur.

233 1727 473 1778 Obstupuere
493 1729 620 1766 animis
644 1728 774 1766 Rutuli
793 1743 803 1767 :
834 1728 1053 1766 conterritus
1073 1729 1150 1779 ipse

181 1795 358 1834 Tin-batis
378 1795 575 1846 Messapus
594 1796 696 1846 cquis
715 1809 723 1832 :
746 1804 941 1833 cunctatur
955 1803 992 1833 et
1012 1797 1138 1840 amnis,

185 1863 311 1901 Rauca
325 1876 466 1907 sonans,
480 1873 699 1912 revocatque
720 1864 850 1913 pedem
865 1862 1062 1900 Tiberinus
1078 1864 1122 1900 ab
1139 1863 1227 1902 alto.

180 1930 241 1968 ,At
260 1944 332 1967 non
352 1929 478 1967 audaci
499 1930 603 1968 cessit
626 1930 760 1967 fiducia
775 1931 905 1968 Turno
924 1945 934 1974 3

183 1996 296 2034 Ultro
317 1996 454 2035 animos
473 1996 571 2035 tollit
592 1997 712 2042 dictis,
732 2006 843 2047 atque
863 1997 1026 2046 increpat
1047 1996 1144 2035 ultro
1161 2014 1169 2035 ε

182 2064 364 2116 Trojanos
384 2064 471 2102 haec
493 2073 652 2102 monstra
668 2073 797 2115 petunt
815 2080 825 2110 ;
853 2065 910 2102 his
929 2065 1075 2115 Jupiter
1102 2066 1177 2116 ipse

182 2130 379 2169 Auxilium
400 2131 550 2170 solitum
568 2132 727 2182 eripuit:
750 2146 821 2168 non
842 2130 915 2169 tela
944 2145 1009 2168 nee
1031 2132 1134 2181 ignes

185 2198 419 2250 Exspectant
442 2199 617 2238 Rutulos.
676 2200 782 2251 Ergo
803 2198 914 2236 maria
934 2198 1025 2235 invia
1046 2197 1216 2242 Teucris,
