1455 2685
162 374 198 406 ν’.
216 367 306 406 467.
455 361 756 402 AENEIDOS
813 362 934 401 VIII.
1142 363 1215 399 113

164 477 361 528 Congressi
376 479 537 528 jungunt
558 476 717 519 dextras,
736 473 935 523 mediisque
954 472 1114 510 residunt

162 543 345 587 Aedibus,
365 552 402 580 et
421 541 522 580 licito
542 543 688 580 tandem
709 554 870 578 sermone
891 538 1075 576 fruuntur.

165 608 249 646 Rex
270 609 370 660 prior
389 609 477 647 haec
496 624 506 647 z

205 674 368 714 Maxime
379 676 610 714 Teucrorum
625 675 771 720 ductor,
779 688 852 725 quo
865 674 999 724 sospite
1014 684 1210 722 numquam

164 742 238 780 Res
257 742 425 793 equidem
444 743 581 794 Trojae
601 741 726 786 victas,
754 750 818 778 aut
838 754 961 792 regna,
986 739 1129 777 fatebor
1141 755 1155 785 ς

160 809 279 846 Nobis
299 809 345 846 ad
363 808 447 847 belli
467 808 640 846 auxilium
659 822 726 858 pro
747 807 889 844 nomine
909 816 1013 844 tanto

159 875 329 927 Exiguae
349 875 438 912 vires
456 890 464 913 :
496 874 579 912 hinc
600 873 728 912 Tusco
749 873 949 911 claudimur
968 873 1062 910 amni
1079 889 1091 918 ς

158 940 261 979 Hinc
277 942 438 979 Rutulus
454 942 601 992 premit,
621 951 658 979 et
674 955 815 978 murum
831 941 1074 978 circumsonat
1087 939 1209 976 armis.r

159 1008 232 1046 Sed
251 1009 319 1046 tibi
338 1024 409 1061 ego
429 1009 586 1061 ingentis
605 1008 776 1058 populos,
796 1007 1040 1058 opulentaque
1061 1006 1180 1057 regnis

156 1076 179 1113 J
184 1090 317 1127 ungere
336 1085 453 1113 castra
471 1089 558 1126 paro
578 1091 588 1120 ;
618 1089 725 1126 quam
746 1074 820 1111 fors
834 1074 980 1124 inopina
1000 1073 1154 1111 salutem

158 1142 332 1180 ostentat
350 1158 359 1181 :
390 1142 473 1180 fatis
491 1143 563 1179 huc
583 1151 619 1179 te
640 1142 877 1192 poscentibus
896 1141 1026 1178 adfers.

158 1209 275 1247 Haud
294 1210 423 1261 procul
442 1210 539 1254 hinc,
552 1223 653 1253 saxo,
668 1208 852 1252 incolitur,
874 1207 1025 1245 fundata
1044 1216 1204 1252 vetusto,

157 1276 273 1314 Urbis
292 1276 494 1328 Agyllinae
511 1276 611 1313 sedes
629 1291 639 1321 3
670 1275 731 1312 ubi
752 1275 876 1325 Lydia
896 1275 1080 1325 quondam

157 1343 279 1387 Gens,
294 1342 390 1380 bello
409 1342 603 1393 praeclara,
623 1343 722 1393 jugis
743 1343 874 1378 insedit
897 1342 1077 1379 Etruscis.

156 1410 282 1455 Hanc,
311 1410 444 1447 multos
465 1410 652 1446 florentem
668 1422 791 1453 annm,
812 1422 873 1445 rex
896 1408 1025 1445 deinde
1044 1409 1205 1458 superbo

157 1476 315 1527 Imperio
333 1485 370 1514 et
389 1476 500 1513 saevis
519 1476 636 1513 tenuit
657 1475 869 1512 Mezentius
889 1475 1008 1511 armis.

155 1543 257 1594 Quid
276 1557 468 1580 memorem
488 1542 649 1579 infandas
669 1543 808 1585 caedes,
837 1542 925 1592 quid
940 1541 1037 1578 facta
1057 1540 1202 1591 tyranni

154 1608 307 1648 Effera?
335 1610 371 1647 di
392 1609 505 1659 capiti
525 1609 635 1659 ipsius
654 1609 850 1660 generique
870 1610 1071 1646 reservent!

153 1677 305 1715 Mortua
325 1679 411 1727 quin
431 1677 539 1714 etiam
552 1677 732 1728 jungebat
753 1689 906 1726 corpora
926 1676 1026 1720 vivis,

152 1744 386 1794 Componens
406 1744 640 1793 manibusque
659 1757 796 1787 manus,
823 1753 934 1793 atque
954 1743 1076 1779 oribus
1096 1756 1177 1789 οιτι,4

152 1811 345 1849 Tormenti
366 1825 481 1862 genus
499 1814 507 1848 !
530 1820 580 1857 et,
602 1810 694 1847 sanie
714 1811 874 1860 taboque
895 1810 1052 1854 fluentis,

152 1877 359 1928 Complexu
378 1878 412 1914 in
434 1878 577 1922 misero,
603 1877 712 1928 longa
732 1877 781 1914 sic
802 1886 918 1913 morte
938 1876 1108 1915 necabatae

152 1948 212 1985 At
232 1945 314 1983 fessi
333 1946 478 1983 tandem
499 1946 605 1989 cives,
626 1945 771 1981 infanda
791 1943 984 1990 furentem,

151 2013 299 2052 Armati
319 2013 590 2050 circumsistunt
609 2012 812 2062 ipsumque,
833 2011 1076 2061 domumque:

153 2080 389 2118 Obtruncant
410 2079 538 2124 socios,
562 2079 683 2130 ignem
702 2079 747 2115 ad
768 2078 912 2129 fastigia
926 2080 1080 2129 jactant.

154 2146 235 2190 Ille,
256 2146 350 2183 inter
368 2147 508 2191 caedes,
533 2146 770 2191 Rutulorum,
790 2145 946 2195 elapsus,
966 2145 1001 2180 in
1021 2158 1131 2196 agros

150 2212 376 2264 Confugere,
404 2225 441 2250 et
462 2214 581 2251 Turni
601 2213 784 2251 defendier
803 2213 957 2262 hospitis
977 2213 1095 2250 armis.

155 2280 258 2329 Ergo
277 2279 391 2316 omnis
411 2279 510 2318 furiis
530 2281 683 2318 surrexit
706 2281 855 2318 Etruria
871 2279 976 2330 justis
992 2294 1005 2317 a

206 2345 324 2386 ΤοΜ,
357 2346 413 2383 II.
697 2348 726 2385 P
