1455 2685
181 323 216 346 v.
236 309 323 346 131.
478 303 780 342 AENEIDOS
838 304 961 342 VIII.
1157 306 1223 344 101

183 420 256 459 Sed
275 432 354 456 mea
373 431 429 455 me
449 416 575 461 virtus,
595 426 634 455 et
653 426 775 454 sancta
794 416 939 453 oracula
959 417 1093 462 divom,

182 486 418 539 Cognatiquc
437 494 572 536 patres,
593 494 656 521 tua
676 484 780 521 terris
800 484 916 520 didita
935 483 1042 529 fama,

184 553 416 605 Conjunxere
436 552 518 596 tibi,
537 560 575 589 et
595 550 680 588 fatis
698 564 805 602 egere
825 549 1018 588 volentem.

186 620 397 664 Dardanus,
419 618 552 655 Iliacae
571 618 708 668 primus
729 626 832 667 pater
852 616 950 654 urbis
970 626 1008 654 et
1027 626 1169 662 auctor,

187 686 351 730 Electra,
373 695 413 722 ut
434 684 540 723 Graii
559 684 766 735 perhibent,
787 682 985 720 Atlantide
1005 694 1141 729 cretus,

187 753 401 793 Advehitur
420 754 611 797 Teucros;
643 750 832 788 Electram
852 750 1031 787 maximus
1051 751 1165 788 Atlas

189 821 336 865 Edidit,
355 819 534 857 aetherios
554 819 705 855 humero
726 818 788 868 qui
808 817 961 854 sustinet
981 818 1091 855 orbis.

188 887 308 925 Vobis
327 886 536 925 Mercurius
555 895 661 936 pater
679 893 748 930 est,
777 899 886 935 quem
906 885 1062 922 candida
1083 885 1185 923 Maia

190 954 364 1005 Cyllenae
383 953 506 1005 gelido
526 961 749 1002 conceptum
770 951 905 989 vertice
925 951 1049 997 fudit3

192 1022 256 1058 At
276 1021 428 1065 Maiam,
449 1020 580 1057 auditis
600 1019 629 1056 si
649 1019 850 1070 quidquam
865 1019 1058 1065 credimus,
1079 1020 1205 1066 Atlas,

194 1088 296 1127 Idem
317 1087 431 1126 Atlas
450 1095 613 1138 generat,
632 1085 722 1123 coeli
743 1085 805 1135 qui
824 1085 938 1122 sidera
958 1085 1069 1124 tollit.

195 1155 258 1193 Sic
277 1167 392 1206 genus
411 1154 599 1191 amborum
622 1152 754 1190 scindit
775 1166 811 1189 se
832 1152 1005 1204 sanguine
1026 1154 1071 1190 ab
1092 1168 1177 1192 uno.

195 1221 271 1258 His
290 1220 419 1265 fretus,
440 1234 510 1257 non
529 1220 685 1271 legatos,
706 1233 822 1270 neque
842 1220 957 1269 prima
975 1234 1040 1269 pei·
1059 1230 1175 1258 artem

195 1288 445 1325 Tentamenta
461 1288 514 1324 tui
536 1287 685 1339 pepigi:
718 1300 788 1332 me,
814 1300 870 1323 me
891 1287 980 1336 ipse,
1002 1301 1195 1339 meumque

198 1355 332 1406 Objeci
351 1363 475 1404 caput,
496 1363 534 1391 et
553 1354 709 1404 supplex
730 1355 775 1391 ad
796 1353 918 1390 limina
937 1355 1031 1392 veni.

199 1422 302 1461 Gens
320 1421 459 1465 eadem,
491 1434 583 1470 quae
603 1431 654 1466 te,
683 1420 820 1457 crudeli
840 1420 989 1457 Daunia
1008 1421 1105 1458 bello

200 1488 430 1538 Insequitur:
447 1501 511 1525 nos
524 1488 552 1524 si
564 1487 714 1538 pellant,
731 1487 819 1524 nihil
831 1487 931 1525 afore
944 1489 1111 1535 credunt,
1134 1494 1250 1541 [taum

200 1555 302 1605 Quin
322 1568 465 1591 omnem
488 1554 708 1605 Hesperiam
729 1555 875 1605 penitus
895 1569 959 1592 sua
978 1556 1044 1592 sub
1059 1559 1150 1608 juga
1170 1559 1252 1595 mit-

201 1621 255 1659 Et
277 1635 387 1666 mare,
409 1622 508 1672 quod
522 1635 644 1672 snpra,
660 1631 821 1666 teneant,
837 1622 1012 1672 quodque
1027 1622 1130 1660 alluit
1146 1623 1248 1662 infra.

202 1688 363 1738 Accipe,
383 1689 500 1738 daque
523 1689 643 1726 fidem.
681 1691 775 1726 Sunt
796 1689 899 1726 nobis
923 1688 1033 1726 fortia
1051 1690 1147 1727 bello

204 1756 362 1793 Pectora
379 1771 390 1800 ;
421 1765 505 1793 sunt
525 1757 647 1801 animi,
667 1766 703 1793 et
724 1758 831 1794 rebus
852 1765 1019 1807 spectata
1033 1759 1214 1808 juventus.

257 1823 417 1861 Dixerat
437 1824 585 1862 Aeneas
603 1838 612 1860 ε
644 1823 702 1860 ille
722 1837 762 1860 os
781 1823 983 1874 oculosque
1002 1824 1185 1874 loquentis

204 1892 286 1929 Jam
304 1891 443 1928 dudum
462 1899 499 1928 et
518 1899 640 1927 totum
661 1890 838 1928 lustrabat
858 1890 993 1928 lumine
1013 1905 1161 1942 corpus.

205 1959 307 1996 Tum
328 1957 378 1995 sic
398 1971 514 2008 pauca
534 1957 644 1995 refert
662 1973 672 1995 :
705 1958 761 1995 Ut
777 1968 826 2003 te,
843 1957 1038 1996 fortissime
1053 1959 1257 2005 Tenen-(im,

207 2025 372 2075 Accipio
393 2038 626 2076 agnoscoque
646 2024 761 2061 libens
780 2027 787 2062 !
822 2034 863 2061 ut
880 2026 987 2062 verbu
1007 2028 1179 2077 parentis,

210 2095 264 2132 Et
283 2107 409 2131 vocem
425 2093 615 2131 Anchisae
631 2092 767 2143 magni,
786 2092 1012 2143 voltumque,
1033 2096 1203 2131 recordor
1221 2100 1227 2131 .'

211 2160 308 2197 Nam
328 2160 485 2204 memini,
506 2161 693 2198 Hesionae
713 2159 887 2196 visentem
908 2174 1017 2211 regnu
1037 2162 1181 2205 sororis,

212 2227 551 2265 Laomedontiaden
574 2227 771 2270 Priamum,
793 2227 971 2264 Salamina
991 2238 1189 2278 petentem.

262 2293 378 2331 Tom-
413 2294 468 2331 Il.
743 2293 779 2330 N
811 2298 833 2330 su*
