1455 2685
219 313 269 350 26
509 311 807 352 AENEIDOS
863 313 913 352 V.
1123 329 1157 353 v.
1173 319 1263 356 690.

222 422 346 466 Nunc,
376 423 498 468 Pater,
526 433 564 461 et
583 423 701 461 tenuis
721 423 911 461 Teucrum
929 437 986 461 res
1004 425 1101 476 eripe
1120 425 1194 464 leto
1212 442 1229 473 ;

221 491 293 529 Vel
313 501 369 536 tu,
398 491 498 541 quod
517 500 696 540 superest,
715 489 847 528 infesto
866 490 1016 529 fulmine
1036 493 1159 538 morti,

222 558 262 597 Si
282 572 432 600 mereor,
461 558 624 600 demitte,
654 566 788 608 tuaque
808 557 866 595 hic
885 559 998 596 obrue
1016 559 1157 597 dextra.

219 625 294 663 Vix
316 625 403 661 haec
423 622 595 667 ediderat,
625 638 737 674 quum
757 624 877 661 effusis
896 625 1072 662 imbribus
1091 634 1169 662 atra

221 692 440 742 Tempestas
460 692 533 729 sine
553 706 652 729 more
672 691 772 735 furit,
794 692 1005 742 tonitruque
1024 693 1238 730 tremiscunt

220 759 356 797 Ardua
375 768 563 803 terrarum,
591 768 628 796 et
647 759 764 808 campi
783 773 793 803 ;
823 758 895 796 ruit
911 758 1054 796 aethere
1074 768 1156 796 toto

221 824 411 863 Turbidus
431 825 545 862 imber
563 838 668 875 aqua,
684 825 872 875 densisque
887 825 1101 876 nigerrimus
1120 826 1266 871 austris,

222 892 500 942 Implenturque
521 905 629 941 super
643 905 784 941 puppes
802 907 813 936 ;
834 892 1004 929 semiusta
1024 892 1238 930 madescunt

223 959 374 996 Robora
391 973 400 996 :
431 958 623 996 restinctus
643 959 756 996 donec
771 971 882 1008 vapor
896 959 1025 1002 omnis,
1044 967 1082 996 et
1101 972 1237 1004 omnes,

219 1027 392 1077 Quatuor
410 1024 558 1068 amissis,
587 1032 743 1061 servatae
764 1037 784 1061 a
804 1033 904 1074 peste
924 1025 1076 1062 carinae.

272 1093 334 1130 At
353 1101 459 1142 pater
476 1091 637 1135 Aeneas,
666 1104 751 1127 casu
771 1104 966 1128 concussus
985 1091 1131 1136 acerbo,

220 1160 332 1199 Nunc
351 1159 422 1195 huc
443 1157 612 1207 ingentis,
640 1170 734 1193 nunc
754 1155 854 1200 illuc,
882 1165 1031 1207 pectore
1054 1171 1157 1194 curas

220 1226 396 1265 Mutabat
416 1237 555 1261 versans
574 1239 583 1268 ;
618 1223 792 1260 Siculisne
811 1224 981 1261 resideret
1000 1224 1104 1269 arvis,

221 1293 374 1331 Oblitus
394 1290 565 1335 fatorum,
587 1289 742 1327 Italasne
761 1301 965 1340 capesseret
984 1305 1076 1328 oras.

219 1359 321 1397 Tum
342 1358 459 1395 senior
477 1357 632 1401 Nautes,
666 1370 776 1394 unum
797 1357 967 1394 Tritonia
987 1356 1104 1394 Pallas

218 1428 342 1477 Quem
361 1425 500 1469 docuit,
519 1424 706 1473 multaque
725 1423 903 1475 insignem
921 1424 1078 1461 reddidit
1096 1432 1226 1462 arte-—

219 1492 299 1530 Hic
319 1505 488 1540 responsa
503 1491 625 1533 dabat,
644 1489 700 1527 vel
719 1503 811 1543 quae
830 1490 1066 1540 portenderet
1085 1491 1137 1528 ira

218 1557 359 1609 Magna
378 1558 498 1601 deum,
525 1556 579 1594 vel
599 1571 690 1607 quae
710 1556 868 1594 fatorum
889 1566 1055 1608 posceret
1073 1557 1177 1595 ordo.

218 1624 330 1673 Isque
350 1624 405 1660 his
426 1624 578 1660 Aenean
599 1623 734 1661 solatus
754 1625 903 1662 vocibus
922 1624 1026 1661 infit:

217 1689 316 1727 Nate
329 1689 405 1731 dea,
427 1702 500 1739 quo
516 1688 590 1725 fata
601 1689 751 1726 trahunt
767 1690 1042 1739 retrahuntque,
1059 1702 1262 1739 sequamur,

217 1755 411 1806 Quidquid
423 1755 509 1792 erit:
531 1755 730 1805 superanda
744 1756 858 1792 omnis
871 1755 1017 1792 fortuna
1030 1755 1177 1792 ferendo
1192 1765 1260 1794 est.

219 1822 292 1860 Est
311 1821 377 1858 tibi
398 1820 619 1866 Dardanius,
648 1819 785 1858 divinae
805 1821 940 1871 stirpis,
960 1821 1119 1858 Acestes
1143 1836 1152 1859 ε

218 1887 335 1925 Hunc
355 1901 445 1938 cape
464 1886 618 1925 consiliis
634 1887 785 1932 socium,
804 1896 841 1925 et
853 1890 1046 1939 conjunge,
1058 1887 1256 1925 volentem:

219 1953 324 1991 Huic
344 1954 458 1996 trade,
478 1954 612 1991 amissis
628 1964 796 2004 superant
816 1954 878 2004 qui
898 1954 1058 1997 navibus,
1078 1962 1115 1990 et
1135 1968 1226 2004 quos

217 2019 426 2058 Pertaesum
447 2020 568 2072 magni
587 2020 735 2071 incepti,
764 2034 952 2071 rerumque
972 2030 1129 2065 tuarum,
1146 2030 1202 2057 est
1219 2035 1231 2066 ;

218 2086 509 2138 Longaevosque
530 2101 641 2132 seneS,
670 2101 711 2125 ac
731 2087 839 2125 fessas
858 2101 1012 2137 aequore
1032 2096 1176 2130 matres,

216 2153 270 2191 Et
282 2153 458 2204 quidquid
473 2163 592 2191 tecum
604 2154 798 2191 invalidum
809 2162 1043 2204 metuensque
1055 2153 1178 2203 pericli
1191 2161 1258 2198 est,

214 2219 378 2272 Delige;
407 2233 458 2266 et,
478 2220 533 2258 his
552 2221 707 2259 habeant
727 2221 844 2265 terris,
873 2220 961 2265 sine,
990 2220 1129 2258 moenia
1149 2219 1230 2258 fessi
1245 2234 1258 2258 2
