1455 2685
206 276 260 316 2⁹0
489 272 790 311 AENEIDOS
846 272 946 312 VII.
1113 287 1147 312 v.
1166 276 1253 313 103.

206 387 330 426 Nocte
349 387 468 433 datos²
495 399 565 422 non
584 386 662 436 ipse
682 399 747 422 suo
767 384 900 435 premit
919 398 980 421 ore
1002 383 1159 422 Latinus
1175 401 1188 433 ;

208 455 293 491 Sed.
313 454 449 491 circum
468 452 540 491 late
559 452 726 495 volitans,
740 454 816 504 jam
835 452 947 489 Fama
967 465 1032 501 per
1050 452 1148 490 urbis

206 522 392 558 Ausonias
411 513 558 565 tulerat,
579 533 691 570 quum
714 519 984 557 Laomedontia
1001 520 1117 570 pubes

206 588 404 627 Gramineo
424 588 523 637 ripae
542 586 710 638 religavit
729 587 775 623 ab
795 600 929 638 aggere
949 586 1111 623 classem.

257 655 419 698 Aeneas,
447 654 627 703 primique
647 653 770 698 duces,
789 663 827 690 et
845 652 997 704 pulcher
1019 651 1136 697 Iulus,

204 722 371 772 Corpora
390 721 456 757 sub
475 720 582 757 ramis
600 720 790 770 deponunt
808 720 944 756 arboris
963 719 1080 763 altae3

206 788 484 838 Instituuntque
504 788 629 838 dapes,
649 796 687 825 et
706 787 837 825 adorea
854 787 928 824 liba
949 801 1015 837 per
1032 786 1180 823 herbam

206 855 416 907 Subjiciunt
435 854 551 905 epulis
568 870 579 900 ;
609 854 659 892 sic
677 854 825 905 Jupiter
841 853 902 891 ille
921 854 1119 898 monebat;

205 923 259 960 Et
279 922 428 961 Cereale
446 921 563 959 solum
582 921 699 972 pomis
718 921 922 973 agrestibus
943 932 1092 973 augent.

204 990 418 1028 Consumtis
437 989 497 1026 hic
515 989 612 1026 forte
633 988 722 1032 aliis,
751 998 794 1026 ut
812 998 949 1026 vertere
969 1002 1110 1026 morsus

203 1057 389 1106 Exiguam
409 1055 443 1092 in
466 1056 634 1094 Cererem
655 1054 802 1105 penuria
821 1055 947 1105 adegit
966 1054 1110 1099 edendi,

204 1123 258 1160 Et
279 1122 410 1159 violare
429 1136 536 1159 manu
556 1122 729 1172 malisque
749 1121 948 1158 audaeibus
968 1122 1096 1159 orbem

204 1189 339 1226 Fatalis
359 1189 486 1233 crusti,
506 1189 641 1239 patulis
661 1203 726 1226 nec
746 1202 894 1239 parcere
918 1188 1064 1239 quadris
1082 1203 1094 1233 3

203 1257 311 1294 Heus
329 1259 338 1293 ἱ
369 1256 477 1293 etiam
500 1269 637 1293 mensas
656 1255 901 1292 consumimus
919 1255 932 1293 ἓ
959 1255 1079 1305 inquit
1100 1253 1216 1300 Iulus,

202 1323 283 1361 Nec
304 1322 420 1373 plura,
439 1323 613 1360 alludens.
645 1323 703 1360 Ea
723 1337 792 1359 vox
813 1322 938 1359 audita
955 1321 1122 1359 laborum

202 1390 327 1428 Prima
345 1390 432 1427 tulit
451 1391 559 1427 finem
574 1406 585 1436 3
615 1391 841 1440 primamque
859 1389 1040 1440 loquentis
1061 1390 1106 1426 ab
1126 1403 1189 1426 ore

200 1457 351 1507 Eripuit
370 1467 488 1507 pater,
507 1471 562 1501 ac,
584 1457 813 1508 stupefactus
831 1456 990 1500 numine,
1020 1456 1162 1506 pressit.

201 1525 401 1569 Continuo,
433 1524 548 1568 Salve,
578 1523 662 1561 fatis
682 1524 769 1560 mihi
790 1524 915 1561 debita
935 1523 1080 1568 Tellus,

200 1591 367 1641 Vosque,
383 1592 446 1634 ait,
467 1606 489 1627 o
510 1592 573 1628 fidi
589 1592 739 1642 Trojae,
755 1593 901 1635 salvete,
923 1591 1094 1628 Penates!
1161 1595 1254 1642 [que

202 1657 281 1694 Hic
297 1658 439 1703 domus,
455 1658 543 1695 haec
557 1659 675 1708 patria
685 1669 753 1696 est.
777 1659 937 1697 Genitor
951 1658 1038 1695 mihi
1052 1658 1255 1702 talia‚nam-

199 1724 238 1761 N
241 1738 311 1761 une
328 1734 470 1774 repeto,
491 1725 678 1762 Anchises
697 1725 856 1762 fatorum
875 1738 1003 1762 arcana
1023 1723 1167 1774 reliquit
1186 1739 1195 1762 :

199 1792 326 1840 Quum
346 1799 396 1834 te,
417 1799 512 1834 nate,
531 1790 658 1835 fames,
678 1791 805 1842 ignota
824 1791 871 1828 ad
889 1791 1017 1828 littora
1036 1800 1198 1837 vectum,

199 1858 348 1894 Accisis
367 1867 478 1909 coget
498 1858 653 1908 dapibus
674 1872 883 1896 consumere
902 1872 1066 1904 mensas;

199 1924 300 1961 Tum
322 1938 462 1974 sperare
483 1925 611 1963 domos
627 1926 802 1971 defessus,
821 1926 958 1976 ibique,
977 1935 1174 1970 memento,

200 1992 321 2029 Prima
341 1991 461 2028 locare
482 2006 601 2037 manu,
622 1993 812 2043 molirique
832 2007 982 2044 aggere,
1002 2002 1114 2030 tecta.

199 2058 308 2095 Haec
328 2069 403 2096 exat
424 2059 485 2095 illa
504 2059 617 2097 fames
634 2075 643 2097 :
667 2061 755 2098 haec
775 2074 840 2097 nos
859 2074 1027 2111 suprema
1046 2060 1226 2106 manebat,

198 2124 336 2162 Exitiis
355 2124 521 2174 positura
541 2127 703 2163 modum.

198 2193 323 2242 Quare
341 2193 455 2245 agite,
473 2201 511 2231 et
530 2193 648 2244 primo
667 2193 751 2232 laeti
771 2208 856 2232 cum
875 2193 1009 2232 lumine
1030 2193 1128 2237 solis,
