1455 2685
250 315 303 351 42
530 311 833 351 AENEIDOS
889 311 964 350 VI.
1158 326 1192 350 v.
1209 315 1299 352 2453.

255 425 428 474 Quatuor
446 423 506 461 hic
526 425 683 474 primum
705 424 880 475 nigrantis
899 433 1004 476 terga
1022 425 1199 476 juvencos

257 491 477 535 Constituit,
497 490 683 541 frontique
702 490 858 542 invergit
878 490 971 534 vina,
994 491 1159 528 sacerdos
1176 506 1187 537 3

254 559 323 604 Et,
344 572 500 596 summas
522 572 672 608 carpens
691 557 807 594 media
826 557 920 594 inter
939 571 1074 594 cornua
1093 566 1201 601 setaS,

254 626 410 678 Ignibus
430 625 586 675 imponit
607 624 729 669 sacris,
748 624 918 662 libamina
938 625 1068 675 prima,

249 695 356 730 Voce
377 706 508 730 vocans
530 692 715 736 Hecaten,
745 691 935 742 Coeloque
957 692 1157 742 Ereboque
1179 700 1311 741 poten-

252 759 478 807 Supponunt
497 757 555 794 alii
575 757 727 801 cultros,
749 757 989 809 tepidumque
1009 771 1175 795 cruorem
1195 759 1306 809 [tem.

257 824 472 874 Suscipiunt
492 824 639 874 pateris.
672 824 758 874 Ipse
777 824 847 861 atri
867 823 1006 861 velleris
1027 838 1158 876 agnam

254 891 404 929 Aeneas
424 891 529 928 matri
552 890 813 934 Eumenidum,
842 904 1069 942 magnaeque
1089 892 1217 937 sorori,

254 957 356 995 Ense
376 956 474 1001 ferit,
505 956 737 1008 sterilemque
758 957 839 1002 tibi,
867 957 1097 1008 Proserpina,
1122 971 1281 996 vaccam.

253 1025 356 1063 Tum
379 1024 516 1076 Stygio
537 1024 614 1076 regi
634 1034 830 1062 nocturnas
850 1024 999 1061 inchoat
1018 1038 1110 1069 aras,

253 1092 306 1130 Et
330 1091 443 1128 solida
462 1091 618 1141 imponit
637 1099 825 1128 taurorum
847 1091 983 1128 viscera
1004 1091 1172 1136 flammis,

253 1159 398 1209 Pingue
418 1172 528 1208 super
546 1157 668 1194 oleum
687 1157 879 1194 infundens
900 1158 1110 1195 ardentibus
1129 1157 1236 1196 extiS.

253 1225 356 1262 Ecce
374 1227 382 1262 !
417 1233 553 1269 autem,
583 1225 690 1275 primi
711 1225 779 1262 sub
797 1224 933 1262 lumina
953 1224 1037 1262 solis
1057 1233 1094 1263 et
1114 1234 1231 1270 ortus,

257 1294 335 1331 Sub
356 1292 512 1343 pedibus
533 1292 672 1343 mugire
688 1291 817 1337 solum,
833 1301 870 1330 et
887 1295 977 1345 juga
997 1302 1130 1344 coepta
1148 1292 1283 1330 moveri

257 1359 452 1403 Silvarum,
483 1359 650 1410 visaeque
670 1373 776 1398 canes
796 1359 934 1397 ululare
954 1374 1021 1410 per
1040 1359 1218 1404 umbram,

253 1427 494 1466 Adventante
515 1426 593 1464 dea.
636 1425 786 1470 Procul,
814 1441 836 1464 o
853 1428 862 1464 !
894 1425 1023 1476 procul
1042 1434 1133 1471 este,
1153 1425 1310 1477 profani,

254 1493 472 1531 Conclamat
495 1502 605 1538 vates,
634 1492 791 1545 totoque
810 1493 974 1531 absistite
993 1492 1103 1531 luco:

253 1560 393 1610 Tuque
412 1560 541 1597 invade
557 1560 662 1606 viam,
684 1560 886 1612 vaginaque
906 1561 1006 1611 eripe
1026 1559 1162 1597 ferrum
1180 1576 1191 1599 ς

251 1626 363 1665 Nunc
383 1626 509 1663 animis
529 1641 636 1677 opuS,
656 1629 801 1672 Aenea,
821 1642 916 1664 nunc
936 1636 1086 1678 pectore
1106 1627 1224 1664 firmo.

248 1693 417 1731 Tantum
437 1693 559 1738 effata,
581 1692 703 1731 furens
722 1703 826 1730 antro
847 1707 884 1731 se
902 1693 1051 1730 immisit
1071 1703 1199 1744 aperto
1219 1709 1228 1731 :

253 1760 322 1799 Ille
341 1762 471 1798 ducem
492 1761 590 1798 haud
609 1760 745 1798 timidis
765 1760 953 1798 vadentem
974 1761 1139 1810 passibus
1164 1772 1309 1811 aequat.

306 1828 378 1873 Di,
407 1828 541 1878 quibus
559 1828 751 1879 imperium
771 1836 826 1866 est
846 1827 1057 1871 animarum,
1073 1828 1311 1879 Umbraeque

469 1894 627 1940 silentes,

257 1963 311 2000 Et
333 1962 470 2007 Chaos,
490 1971 527 2000 et
550 1961 800 2014 Phlegethon,
820 1962 901 2000 loca
918 1973 1026 1999 nocte
1047 1962 1206 1999 tacentia
1226 1961 1311 2006 late,

255 2031 312 2068 Sit
333 2029 420 2066 mihi
441 2028 494 2066 fas
513 2029 639 2066 audita
658 2028 759 2079 loqui
779 2045 789 2073 3
820 2029 880 2073 sit,
902 2028 1046 2065 numine
1067 2038 1204 2074 vestro,

256 2097 420 2136 Pandere
440 2110 495 2133 res
515 2097 588 2133 alta
606 2105 703 2133 terra
731 2105 768 2133 et
789 2095 943 2147 caligine
964 2097 1120 2133 mersas!

311 2165 421 2202 Ibant
440 2164 587 2200 obscuri
609 2162 684 2201 sola
705 2165 771 2201 sub
793 2172 901 2200 nocte
921 2177 986 2213 per
1008 2162 1187 2207 umbram,

257 2232 400 2282 Perque
418 2230 549 2268 domos
569 2229 672 2268 Ditis
692 2243 834 2276 vacuas,
863 2238 901 2267 et
929 2228 1047 2267 inania
1065 2240 1201 2281 regna:
