1455 2685
222 312 275 349 (38
491 308 792 348 AENEIDOS
850 309 950 348 VII.
1157 323 1190 346 v.
1208 312 1269 350 47.

224 420 344 459 Hunc
361 422 488 459 Fauno
508 432 543 460 et
565 422 727 472 nympha
747 421 909 473 genitum
928 422 1113 459 Laurente
1133 420 1276 458 Marica

224 489 470 539 Accipimus:
504 489 631 527 Fauno
653 489 761 526 Picus
781 498 908 538 pater3
943 488 1044 539 isque
1064 498 1249 538 parentem

224 555 298 599 Te,
322 557 489 600 Saturne,
509 556 619 592 refert
638 571 646 593 :
678 564 720 592 tu
740 555 923 606 sanguinis
939 555 1087 593 ultimus
1105 564 1246 592 auctor.

225 621 340 660 Filius
359 623 460 666 huic,
481 622 558 659 fato
580 623 714 665 divom,
735 621 928 672 prolesque
948 622 1056 659 virilis

223 688 338 726 Nulla
358 688 440 732 fuit,
461 689 647 739 primaque
668 689 783 726 oriens
802 698 927 739 erepta
942 691 1092 740 juventa
1111 697 1179 726 est.

228 755 315 793 Sola
335 756 484 793 domum
512 765 549 793 et
569 765 688 793 tantas
709 756 873 792 servabat
892 756 965 793 filia
985 756 1098 801 sedes,

223 823 305 860 Jam
324 831 465 859 matura
483 822 574 866 viro,
591 824 664 874 jam
685 822 799 872 plenis
819 822 950 859 nubilis
968 823 1080 860 annis.

222 888 339 926 Multi
357 888 453 925 illam
474 903 606 940 magno
627 903 646 926 e
668 889 780 926 Latio
800 899 952 940 totaque
973 890 1147 939 petebant

219 955 390 994 Ausonia
407 971 417 994 ι
448 956 554 1006 petit,
576 965 658 993 ante
678 955 765 993 alios
781 956 1044 1006 pulcherrimus
1065 956 1193 1001 omnis,

220 1021 384 1065 Turnus,
406 1022 479 1059 avis
498 1023 681 1073 atavisque
702 1032 845 1073 potens,
866 1037 971 1072 quem
993 1025 1092 1074 regia
1112 1026 1270 1075 conjunx

219 1089 391 1141 Adjungi
411 1103 583 1140 generum
604 1089 694 1125 miro
715 1091 938 1140 properabat
957 1103 1076 1126 amore
1094 1106 1104 1135 ;

221 1157 296 1194 Sed
314 1157 418 1193 variis
438 1166 609 1207 portenta
630 1157 736 1192 deum
757 1157 956 1193 terroribus
976 1157 1135 1194 obstant.

272 1226 419 1263 Laurus
438 1233 515 1262 erat
535 1224 626 1262 tecti
646 1224 778 1269 medio,
802 1224 838 1260 in
859 1223 1104 1274 penetralibus
1122 1224 1216 1268 altis,

220 1292 332 1330 Sacra
351 1305 504 1335 comam,
537 1290 746 1341 multosque
766 1301 866 1328 metu
887 1301 1024 1329 servata
1044 1306 1110 1342 per
1127 1305 1239 1329 annos
1257 1307 1266 1330 t

218 1360 340 1409 Quam
360 1368 476 1407 pater,
496 1358 677 1395 inventam
696 1358 826 1408 primas
841 1372 952 1409 quum
969 1359 1142 1395 conderet
1158 1372 1267 1404 arces,

218 1426 305 1476 Ipse
324 1425 509 1463 ferebatur
530 1426 683 1463 Phoebo
704 1439 859 1462 sacrasse
881 1425 1053 1470 Latinus,

215 1493 486 1543 Laurentisque
506 1493 550 1529 ab
570 1507 611 1530 ea
630 1507 757 1530 nomen
779 1493 941 1543 posuisse
961 1492 1110 1530 colonis.

214 1562 341 1613 Hujus
361 1574 446 1612 apes
467 1575 645 1598 summum
666 1561 809 1604 densae,
831 1561 990 1598 mirabile
1011 1561 1136 1599 dictu!

214 1629 378 1667 Stridore
399 1628 552 1679 ingenti,
573 1629 752 1678 iiquidum
771 1638 870 1665 trans
890 1628 1037 1664 aethera
1057 1638 1192 1671 vectae,

213 1696 403 1735 Obsedere
423 1696 561 1745 apicem
579 1711 588 1740 ;
618 1704 670 1739 ct,
693 1695 846 1745 pedibus
865 1709 931 1745 per
950 1705 1076 1732 mutua
1096 1695 1211 1739 nexis,

213 1765 380 1803 Examen
401 1762 561 1800 subitum
582 1776 682 1799 ramo
703 1761 897 1799 frondente
917 1762 1102 1812 pependit.

209 1830 395 1871 Continuo
417 1838 526 1873 vates,
558 1813 765 1867 Exterrium
785 1828 977 1872 cernimus,
997 1827 1129 1878 inquit,

209 1897 426 1936 Adventare
447 1894 575 1938 virum,
595 1903 631 1932 et
653 1893 767 1944 partis
787 1903 911 1944 petere
931 1907 1057 1944 agmen
1080 1894 1222 1931 easdem

211 1963 382 2001 Partibus
403 1976 447 1999 ex
467 1961 595 2005 isdem,
616 1971 652 1998 et
674 1975 811 1998 summa
833 1960 1050 1997 dominarier
1069 1974 1163 1998 arce.

263 2031 467 2073 Praeterea,
484 2029 592 2066 castis
612 2028 734 2065 adolet
755 2029 841 2064 dum
861 2027 987 2064 altaria
1007 2027 1136 2071 taedis,

209 2097 269 2136 Ut
284 2099 392 2148 juxta
411 2095 613 2147 genitorem
634 2095 757 2132 adstat
780 2094 931 2132 Lavinia
953 2095 1071 2145 virgo,

207 2164 312 2208 Visa,
333 2161 455 2200 nefas!
489 2161 609 2213 longis
629 2161 888 2212 comprendere
909 2159 1068 2197 crinibus
1088 2160 1223 2211 ignem,

202 2231 340 2281 ,Atque
361 2242 505 2268 omnem
524 2237 692 2266 ornatum
713 2228 856 2266 flamma
875 2227 1076 2278 crepitante
1097 2227 1262 2273 cremari,
