1455 2685
174 334 207 371 v}
229 334 317 374 187.-
481 329 785 368 AENEIDOS
840 331 938 369 VII.
1174 329 1227 373 73

172 440 261 495 Ipse
281 441 461 494 Quirinali
480 441 586 486 lituo,
615 455 799 492 parvaque
822 442 973 479 sedebat
1063 493 1065 496 Α

171 510 389 549 Succinctus
409 509 546 552 trabea,
575 508 747 558 laevaque
766 507 879 546 ancile
899 508 1051 559 gerebat

170 576 295 620 Picus,
310 578 443 626 equum
457 575 632 612 domitor:
664 587 786 624 quem,
802 583 909 625 capta
924 574 1106 624 cupidine,
1134 588 1221 613 eon-

167 643 298 681 Aurea
317 655 527 692 percussum
548 641 662 692 virga,
683 655 898 691 versumque
912 641 1069 686 venenis,
1093 643 1219 692 [junx,

168 708 274 747 Fecit
291 722 394 746 avem
414 708 534 752 Circe,
554 708 756 759 sparsitque
772 707 957 745 coloribus
972 708 1056 745 alas.

219 774 306 812 Tali
326 775 422 812 intus
443 774 581 825 templo
601 774 737 820 divom,
759 775 961 825 patriaque,
982 775 1155 821 Latinus,

167 842 262 879 Sede
282 841 421 886 sedens,
449 841 619 879 Teucros
638 842 683 878 ad
700 855 775 878 sese
795 842 830 878 in
851 850 950 879 tecta
971 842 1137 887 vocavit;

168 909 302 959 Atque
317 909 406 946 haec
419 909 587 960 ingressis
601 908 743 959 placido
757 909 856 959 prior
868 909 982 946 edidit
994 923 1074 947 ore:
1098 908 1219 960 [bem‚

218 976 362 1022 Dicite,
383 976 618 1014 Dardanidae
636 991 647 1021 ;
669 989 785 1026 neque
805 976 899 1013 enim
916 976 1093 1014 nescimus
1106 985 1143 1013 et
1160 985 1220 1013 ur-

167 1042 222 1080 Et
241 1056 371 1094 genus,
399 1042 586 1092 auditique
607 1043 795 1080 advertitis
815 1056 970 1092 aequore
990 1056 1134 1080 cursum
1152 1057 1164 1087 ς

165 1109 268 1159 Quid
287 1109 411 1159 petitis
428 1110 441 1147 ἒ
468 1123 561 1159 quae
581 1123 708 1147 caussa
726 1119 835 1158 rates,
854 1119 918 1146 aut
932 1112 1035 1160 cujus
1055 1117 1218 1161 egentes,

163 1175 293 1213 Littus
312 1176 359 1212 ad
379 1176 590 1213 Ausonium
610 1185 670 1214 tot
691 1191 756 1226 per
777 1176 863 1213 vada
883 1176 1026 1213 caerula
1045 1175 1144 1212 vexit
1161 1175 1175 1212 ἒ

163 1242 246 1280 Sive
267 1256 387 1280 errore
409 1243 498 1286 viae,
519 1257 580 1280 seu
600 1243 878 1292 tempestatibus
898 1243 983 1288 acti,

162 1308 295 1359 Qualia
316 1308 430 1346 multa
449 1309 536 1345 mari
557 1318 685 1347 nautae
706 1310 895 1359 patiuntur
915 1310 950 1346 in
971 1309 1061 1355 alto,

163 1375 338 1414 Fluminis
357 1375 516 1413 intrastis
538 1375 646 1426 ripas,
668 1386 852 1426 portuque
873 1377 1005 1414 sedetis
1020 1393 1035 1422 5·

162 1443 221 1481 Ne
241 1441 360 1494 fugite
381 1443 594 1493 hospitium,
624 1457 710 1480 neve
729 1443 896 1494 ignorate
918 1443 1089 1487 Latinos,

161 1508 310 1547 Saturni
329 1518 491 1560 gentem,
512 1509 610 1546 haud
631 1508 748 1547 vinclo
768 1524 834 1547 nec
854 1510 996 1562 legibus
1016 1523 1181 1560 aequam,

160 1578 300 1626 Sponte
321 1589 383 1612 sua
403 1576 604 1627 veterisque
625 1576 682 1614 dci
702 1591 738 1614 se
760 1591 858 1614 more
878 1585 1072 1614 tenentem.

159 1644 293 1694 Atque
312 1643 479 1694 equidem
498 1644 656 1687 memini,
676 1643 771 1680 fama
785 1653 839 1681 est
859 1644 1049 1681 obscurior
1068 1643 1183 1689 annis,

158 1710 362 1748 Auruncos
381 1710 431 1747 ita
450 1709 542 1747 ferre
563 1724 674 1754 senes,
704 1711 758 1748 his
777 1720 879 1748 ortus
899 1720 940 1747 ut
960 1711 1056 1762 agris

157 1777 355 1815 Dardanus
370 1777 497 1814 Idaeas
511 1777 692 1829 Phrygiae
706 1778 899 1828 penetrarit
913 1778 957 1815 ad
974 1778 1086 1822 urbis,
1107 1780 1204 1828 [tur.

157 1843 440 1894 Threiciamque
462 1845 622 1888 Samum,
636 1858 727 1895 quae
747 1859 841 1882 nunc
864 1845 1114 1883 Samothracia
1135 1844 1207 1882 fer-

158 1909 262 1948 Hinc
281 1909 396 1954 illum,
425 1911 584 1962 Corythi
604 1911 798 1962 Tyrrhena
814 1912 858 1949 ab
879 1912 961 1949 sede
982 1910 1202 1961 profectum,

156 1978 285 2016 Aurea
305 1992 400 2016 nunc
420 1977 510 2015 solio
531 1978 706 2017 stellantis
726 1980 826 2031 regia
846 1978 937 2016 coeli

156 2044 326 2095 Accipit,
346 2053 383 2082 et
403 2059 590 2083 numerum
610 2046 774 2083 divorum
794 2046 966 2089 altaribus
985 2044 1101 2084 addit.

210 2111 366 2149 Dixerat
385 2129 395 2158 ;
423 2121 461 2150 et
481 2113 577 2150 dicta
599 2113 757 2151 Ilioneus
777 2113 826 2151 sic
843 2127 932 2150 voce
947 2122 1094 2151 secutus
1111 2127 1121 2151 ε

158 2179 256 2222 Rex,
276 2193 391 2230 genus
410 2180 598 2231 egregium
621 2180 748 2225 Fauni,
771 2195 834 2218 uec
856 2181 1027 2218 fluctibus
1047 2188 1151 2218 actos

154 2246 255 2283 Atra
274 2245 420 2297 subegit
439 2246 551 2284 hiems
572 2248 698 2286 vestris
718 2248 912 2285 succedere
931 2247 1052 2291 terris,

211 2313 329 2352 Toni.
362 2314 420 2352 ΙΙ.
714 2314 753 2352 K
