1455 2685
160 333 194 359 v.
212 321 303 359 800.
464 315 767 356 AENEIDOS
793 300 921 356 'v11.
1155 321 1207 358 95

159 430 361 475 Praesidet,
388 437 427 468 et
445 429 549 467 viridi
568 429 730 481 gaudens
752 428 907 466 Feronia
925 428 1007 466 luco
1024 445 1035 476 3

159 498 246 548 Qua
265 499 417 537 Saturae
430 499 530 549 jacet
548 505 626 534 atra
644 496 760 547 palus,
779 495 995 547 gelidusque
1010 508 1076 546 per
1094 497 1182 535 imas

159 565 314 615 Quaerit
334 565 404 603 iter
422 564 535 608 vallis,
564 572 674 614 atque
692 563 728 600 in
749 577 844 600 mare
863 564 1046 610 conditur,
1072 564 1204 603 Ufens.

212 631 298 670 Hos
318 645 427 682 super
444 630 602 676 advenit,
622 620 761 668 'Volsca
780 631 825 668 de
843 640 969 682 gente,
998 631 1166 678 Camilla,

156 698 309 749 Agmen
328 711 440 750 agens
458 696 637 747 equitum,
666 706 705 734 et
724 697 886 735 florentis
905 711 985 735 aere
1004 708 1178 745 catervas,

157 763 334 802 Bellatrix
352 779 363 803 :
394 778 465 802 non
484 764 544 801 illa
562 763 645 802 colo
665 763 859 801 calathisve
879 764 1068 804 Minervae

157 830 344 869 Femineas
362 840 504 869 assueta
522 844 661 877 manus,
689 831 751 868 sed
770 831 908 880 proelia
927 832 1030 884 virgo

155 897 264 936 Dura
282 899 374 949 pati,
401 912 583 948 cursuque
602 898 737 949 pedum
756 907 982 948 praevertere
1010 909 1149 938 ventos.

156 963 225 1002 Illa
245 964 301 1002 vel
318 966 475 1003 intactae
494 965 627 1017 segetis
646 978 711 1015 per
729 979 867 1002 summa
887 965 1023 1003 volaret

154 1031 345 1076 Gramina,
373 1046 437 1070 nec
459 1042 597 1070 teneras
617 1045 725 1069 cursu
744 1031 904 1069 laesisset
923 1033 1048 1071 aristas
1066 1050 1078 1080 余

155 1098 226 1136 Vel
245 1113 341 1136 mare
360 1113 426 1149 per
445 1099 616 1143 medium,
647 1099 763 1137 fluctu
782 1113 952 1150 suspensa
980 1102 1151 1146 tumenti,

155 1164 283 1203 Ferret
302 1167 384 1210 iter,
411 1165 534 1204 celeris
553 1180 617 1204 nec
638 1166 824 1217 tingueret
844 1180 1000 1217 aequore
1017 1167 1175 1217 plantas.

154 1231 262 1271 Illam
281 1233 410 1277 omnm,
439 1233 549 1271 tectis
568 1230 739 1284 agrisque
759 1233 886 1278 effusa,
910 1236 1096 1284 juventus,

151 1298 355 1349 Turbaque
375 1299 526 1337 miratur
544 1308 715 1344 matrum,
743 1310 780 1337 et
800 1310 1010 1350 prospectat
1030 1311 1190 1348 euntem,

152 1365 341 1405 Attonitis
360 1366 499 1405 inhians
519 1366 644 1403 animis
662 1381 673 1411 余
703 1374 743 1403 ut
763 1366 885 1417 regius
905 1376 1006 1404 ostro

151 1433 261 1472 Velet
279 1434 395 1472 honos
413 1433 501 1472 levis
520 1433 689 1471 humeros
705 1448 716 1479 余
745 1443 787 1470 ut
808 1433 918 1472 fibula
939 1435 1075 1472 crinem

150 1501 261 1538 Auro
273 1501 510 1546 internectat余
530 1500 691 1550 Lyciam
708 1510 749 1538 ut
764 1510 871 1552 gerat
886 1501 964 1552 ipsa
976 1503 1199 1553 pharetram,

152 1567 205 1605 Et
225 1567 440 1617 pastoralem
461 1567 620 1618 praefixa
640 1568 791 1618 cuspide
809 1577 984 1619 myrtum.

860 2167 903 2209 P.
935 2168 1193 2207 VIRGILII
