1455 2685
211 323 292 375 250
475 317 775 357 AENEIDOS
833 319 934 356 XII.
1114 317 1148 357 v.
1167 320 1256 367 855.

215 431 285 468 Illa
305 431 416 476 volat,
437 430 616 481 celerique
636 431 681 467 ad
700 441 833 467 terram
852 430 996 466 turbine
1016 430 1132 467 fertur
1149 445 1159 468 ε

215 498 302 536 Non
323 511 425 536 secus
444 511 500 541 ac,
521 512 629 535 nervo
649 511 713 547 per
733 495 1053 546 nubemimpulsa,
1083 496 1232 547 sagitta,

215 564 413 602 Armatam
433 565 525 602 saevi
555 564 712 602 Parthus
732 576 840 613 quam
859 562 941 599 felle
961 562 1100 606 veneni,

218 631 390 675 Parthus,
411 631 482 667 sive
503 631 650 681 Cydon,
669 629 782 666 telum
802 628 1077 673 immedicabile,
1098 629 1203 667 torsit
1221 644 1233 675 3

218 696 397 741 Stridens,
416 706 454 734 et
473 696 596 734 celeris
615 697 800 748 incognita
820 695 973 733 transilit
994 697 1151 734 umbras.

215 762 320 800 Talis
339 777 375 800 se
396 773 472 800 sata
492 763 615 801 Nocte
635 762 736 805 tulit,
754 772 939 812 terrasque
958 763 1100 812 petivit.

269 831 471 881 Postquam
485 830 578 866 acies
591 829 687 865 videt
701 828 829 865 Iliacas
844 838 953 878 atque
965 830 1110 880 agmina
1124 829 1260 874 Turni3

214 897 333 935 Alitis
352 898 387 934 in
407 910 536 947 parvae
556 896 713 932 subitam
733 894 888 932 collecta
907 895 1076 947 figuram,

216 965 323 1013 Quae
343 963 525 1013 qnondam
545 963 580 999 in
601 962 730 1007 bustis,
750 971 813 999 aut
833 961 1052 999 culminibus
1071 962 1234 1007 desertis,

215 1030 340 1068 Nocte
359 1030 497 1073 sedens,
514 1043 630 1066 serum
646 1029 743 1066 canit
758 1029 965 1079 importuna
978 1043 1043 1079 per
1062 1030 1261 1066 umbras—

215 1096 329 1133 Hanc
350 1110 449 1133 versa
467 1096 501 1132 in
521 1095 664 1140 faciem,
685 1096 804 1133 Turni
820 1110 856 1132 se
870 1095 982 1145 pestis
997 1096 1045 1132 ob
1065 1109 1128 1132 ora

216 1162 394 1212 Fertque,
409 1162 606 1212 refertque,
620 1177 746 1199 sonans
755 1178 765 1208 3
782 1162 1014 1212 clipeumque
1028 1163 1212 1199 everberat
1224 1176 1263 1199 a-

214 1228 275 1266 Illi
296 1229 456 1266 membra
476 1244 589 1267 novus
609 1229 716 1266 solvit
736 1229 927 1266 formidine
945 1239 1076 1279 torpor
1093 1245 1103 1274 ;
1183 1229 1259 1280 [lis.

213 1296 469 1346 Arrectaeque
489 1297 640 1334 horrore
655 1311 794 1340 comae,
809 1307 846 1334 et
865 1310 934 1333 vox
955 1295 1121 1333 faucibus
1133 1296 1260 1334 haesit.

214 1363 290 1407 At,
319 1362 450 1412 procul
472 1372 512 1400 ut
534 1363 650 1401 Dirae
672 1363 865 1400 stridorem
885 1363 1036 1414 agnovit
1055 1373 1092 1400 et
1111 1363 1197 1407 alas,

215 1428 350 1466 Infelix
371 1429 479 1466 crinis
501 1430 632 1467 scindit
648 1431 807 1468 Juturna
825 1430 980 1475 solutos,

211 1496 416 1546 Unguibus
434 1510 497 1532 ora
517 1511 621 1533 soror
640 1497 804 1540 foedans,
825 1506 863 1534 et
884 1506 1034 1546 pectora
1053 1497 1186 1548 pugnis
1204 1512 1214 1534 ε

213 1563 317 1612 Quid
336 1577 431 1600 nunc
451 1573 487 1600 te
508 1574 585 1609 tua,
610 1563 752 1608 Turne,
781 1572 905 1614 potest
924 1577 1092 1615 germana
1106 1566 1230 1614 juvare
1248 1565 1261 1603 ?

211 1629 299 1666 Aut
319 1629 408 1679 quid
424 1632 496 1680 Jam
517 1631 629 1667 durae
650 1641 798 1681 superat
817 1630 933 1668 mihi?
961 1644 1033 1681 qua
1055 1631 1123 1667 tibi
1142 1630 1261 1668 lucem

211 1697 313 1735 Arte
333 1710 451 1733 morer
469 1698 480 1734 ἲ
501 1697 602 1734 talin'
621 1712 768 1747 possum
789 1712 845 1735 me
864 1712 1051 1748 opponere
1069 1708 1230 1736 monstro
1248 1700 1261 1736 ἓ

210 1764 290 1801 Jam
305 1765 381 1814 jam
398 1762 526 1813 linquo
545 1763 652 1801 acies.
685 1764 745 1801 Ne
765 1778 820 1801 me
841 1773 975 1801 terrete
995 1765 1196 1810 timentem,

212 1830 405 1867 Obscenae
425 1829 592 1867 volucres
609 1845 619 1868 ε
650 1830 787 1867 alarum
808 1831 955 1867 verbera
975 1844 1101 1875 nosco,

212 1896 455 1946 Letalemque
474 1910 602 1934 sonum
618 1912 629 1942 ς
659 1911 723 1934 nec
744 1897 875 1934 fallunt
890 1899 988 1948 jussa
1007 1897 1164 1947 superba

212 1963 442 2014 Magnanimi
461 1964 574 2001 Jovis.
617 1963 726 2001 Haec
748 1978 814 2013 pro
835 1963 1041 2014 virginitate
1061 1963 1228 2013 reponit!

212 2031 301 2079 Quo
322 2029 431 2066 vitam
452 2030 555 2067 dedit
575 2039 755 2067 aeternam
774 2031 787 2067 ?
815 2044 880 2067 cur
900 2030 1026 2066 mortis
1046 2030 1188 2067 ademta
1204 2040 1260 2069 est

212 2094 388 2133 Conditio
407 2096 419 2133 ἓ
448 2109 591 2145 possem
609 2105 733 2134 tantos
755 2097 856 2134 finire
876 2095 1020 2133 dolores

212 2161 322 2198 Nunc
342 2171 454 2206 certe,
473 2171 511 2199 et
532 2163 662 2200 misero
683 2163 786 2201 fratri
806 2177 926 2200 comes
946 2163 997 2199 ire
1016 2177 1081 2213 per
1101 2164 1257 2200 umbras.

213 2227 434 2284 {mmortalis
453 2242 525 2281 ego
542 2230 554 2268 ?
574 2239 637 2268 aut
655 2230 854 2282 quidquam
874 2229 960 2267 mihi
975 2229 1084 2268 dulce
1099 2243 1260 2267 meorum
