1455 2685
176 369 253 405 160
481 366 782 406 AENEIDOS
838 367 891 405 X.
1070 383 1103 405 v.
1127 372 1212 410 18¹7.

170 480 285 531 Cujus
305 478 461 515 olorinae
481 488 636 529 surgunt
656 480 699 516 de
720 480 853 516 vertice
872 492 1007 528 pennae
1024 493 1034 516 ι

170 546 316 584 Crimen
335 559 435 582 amor
453 554 624 588 vestrum,
645 545 852 595 formaeque
871 545 1009 596 insigne
1030 554 1212 595 paternae.

169 613 337 662 Namque
357 612 491 656 ferunt,
511 611 614 648 luctu
635 613 803 661 Cycnum
824 611 1066 649 Phaethontis
1091 612 1216 656 amati,

167 679 350 730 Populeas
369 679 464 716 inter
480 678 617 715 frondis
633 679 869 728 umbramque
890 692 1053 715 sororum

166 746 273 783 Dum
293 745 404 791 canit,
423 754 461 781 et
482 755 662 782 moestum
681 758 783 781 musa
802 744 941 781 solatur
960 759 1131 789 amorem,

167 812 367 850 Canentem
387 811 485 847 molli
505 810 627 861 pluma
648 811 791 848 duxisse
812 820 990 848 senectam
1009 827 1019 857 ;

166 879 412 929 Linquentern
433 887 558 921 terras,
578 887 615 915 et
636 878 751 914 sidera
770 892 859 915 voce
880 887 1103 928 sequentem.

165 947 293 992 Filius,
321 945 477 996 aequalis
497 945 692 982 comitatus
712 944 822 982 classe
841 955 1016 988 catervas,

164 1014 358 1065 Ingentem
377 1012 482 1050 rcrnis
501 1012 726 1050 Centaurum
746 1021 936 1061 promovet
953 1027 962 1049 :
992 1012 1051 1048 ille

163 1081 285 1118 Instat
305 1094 431 1130 aquae,
461 1092 658 1128 saxumque
677 1078 783 1115 undis
801 1079 955 1116 immane
972 1079 1129 1115 minatur

162 1140 398 1190 Arduus,'et
416 1145 525 1196 longa
545 1145 661 1182 sulcat
681 1145 791 1182 maria
810 1145 883 1182 alta
903 1146 1035 1182 carina.

214 1213 283 1251 Ille
301 1213 408 1250 etiam
428 1212 553 1263 patriis
573 1226 700 1263 agmen
721 1213 794 1250 ciet
815 1213 944 1250 Ocnus
964 1213 1008 1249 ab
1029 1213 1114 1256 oris,

161 1280 347 1318 Fatidicae
363 1280 515 1317 Mantus
533 1288 569 1317 et
590 1279 706 1317 Tusci
726 1280 819 1316 filius
839 1279 963 1324 amnis,

160 1348 237 1398 Qui
269 1362 391 1385 muros
420 1348 616 1397 matrisque
635 1347 737 1384 dedit
757 1347 838 1391 tibi,
856 1347 1026 1389 Mantua,
1047 1361 1175 1384 nomen
1193 1361 1205 1392 ς

159 1416 328 1459 Mantua,
349 1415 446 1451 dives
466 1414 537 1451 avis
556 1417 564 1451 !
589 1414 651 1451 sed
665 1428 736 1450 non
753 1428 866 1464 genus
882 1414 1048 1450 omuibus
1069 1428 1179 1451 unum
1195 1430 1205 1459 ;

157 1484 259 1522 Gens
278 1482 329 1519 illi
349 1482 496 1532 triplex,
517 1480 645 1531 populi
665 1481 730 1517 sub
752 1490 863 1532 gente
884 1481 1052 1531 quaterni
1072 1497 1082 1519 :

154 1551 242 1600 Ipsa
261 1559 374 1600 caput
394 1548 538 1599 popuiis
556 1565 566 1593 ;
597 1548 725 1585 Tusco
745 1548 790 1584 de
811 1548 983 1598 sanguine
1003 1548 1106 1585 vires.

159 1617 261 1655 Hinc
283 1630 429 1667 quoque
449 1615 670 1666 quingentos
690 1614 726 1651 in
747 1628 783 1651 se
803 1613 1018 1651 Mezentius
1039 1623 1165 1659 armat,

157 1685 262 1734 Quos
282 1692 384 1733 patre
407 1683 567 1726 Benaco,
585 1681 723 1719 velatus
742 1681 916 1718 arundine
937 1680 1083 1732 glauca,

157 1750 317 1788 Mincius
335 1748 464 1786 infesta
483 1749 642 1786 ducebat
661 1748 696 1785 iu
712 1762 869 1799 aequora
890 1748 989 1798 pinu.

211 1818 248 1854 It
267 1816 386 1868 gravis
404 1815 594 1860 Aulestes,
623 1825 848 1865 centenaque
867 1815 994 1851 arbore
1017 1814 1150 1851 fluctus

155 1884 335 1922 Verberat
354 1896 542 1934 assurgens
559 1897 568 1920 :
599 1889 767 1932 spumant
787 1881 878 1918 vada
897 1894 1073 1918 marmore
1087 1894 1200 1920 versa

155 1950 272 1988 Hunc
292 1949 391 1986 vehit
411 1948 574 1985 immanis
593 1948 743 1992 Triton,
771 1958 808 1985 et
829 1947 971 1985 caerula
991 1949 1132 1986 concha

155 2016 356 2054 Exterrens
377 2015 468 2052 freta
486 2030 495 2053 ι
527 2015 585 2052 cui
606 2014 761 2052 laterum
780 2024 887 2052 tenus
907 2015 1051 2065 hispida
1075 2016 1175 2053 nanti

156 2083 270 2120 Frons
285 2081 467 2119 hominem
488 2082 660 2132 praefert,
679 2083 714 2118 in
733 2082 862 2132 pristin
883 2081 1012 2119 desinit
1033 2081 1132 2119 alvus
1149 2098 1158 2128 3

154 2149 314 2198 Spumea
334 2148 499 2186 semifero
519 2149 586 2186 sub
606 2158 756 2200 pectore
776 2158 975 2186 murmurat
996 2148 1104 2185 unda.

153 2216 232 2252 Tot
252 2215 337 2253 lecti
357 2230 525 2266 proceres
543 2225 599 2254 ter
619 2216 718 2254 denis
738 2216 887 2253 navibus
907 2216 1006 2253 ibant

155 2282 325 2320 subsidio
346 2283 495 2334 Trojae,
523 2292 560 2320 et
580 2297 726 2333 campos
747 2283 828 2320 salis
848 2297 928 2320 aere
949 2283 1132 2324 secabant,
