1455 2685
179 292 213 320 v.
229 281 320 322 579.
489 273 794 318 AENEIDOS
852 280 931 319 XI.
1151 280 1229 320 207

181 390 236 430 Et
256 389 405 428 fundam
424 391 530 428 tereti
550 391 687 429 circum
706 399 820 442 caput
838 391 917 442 egit
936 391 1101 437 habena;

181 457 499 510 Strymoniamque
519 471 662 510 gruem,
681 466 745 495 aut
763 457 886 495 album
903 458 1033 509 dejecit
1052 459 1203 498 olorem.

179 526 326 565 Multae
344 525 441 563 illam
459 524 595 562 frustra
616 524 812 575 Tyrrhena
831 539 898 576 per
916 526 1053 576 oppida
1073 537 1204 566 matres

181 593 369 644 Optavere
388 606 532 630 nurum.
564 591 652 630 Sola
670 601 846 630 contenta
865 592 1003 639 Diana,

178 660 388 699 Aeternum
408 659 580 703 telorum,
598 667 636 695 et
655 658 887 710 virginitatis,
915 673 1075 697 amorem

179 725 401 763 Intemerata
419 725 522 764 colit.
552 724 697 763 Vellem
716 725 816 762 haud
831 735 1002 776 correpta
1022 725 1151 764 fuisset

176 791 314 832 Militia
331 793 409 838 tali,
437 800 569 830 conata
586 791 759 830 lacessere
779 792 947 830 Teucros
963 808 973 830 ι

175 859 272 899 Cara
290 859 391 904 mihi,
410 859 662 909 comitumque
682 857 778 896 foret
798 873 893 896 nunc
911 873 982 896 una
1002 873 1174 898 mearum.

174 925 315 963 Verum
333 939 416 977 age,
445 925 741 976 quandoquidem
757 924 842 962 fatis
858 934 1039 976 urguetur
1053 926 1204 971 acerbis,

175 991 333 1038 Labere,
354 991 544 1042 Nympha,
564 991 668 1043 polo,
689 992 842 1043 finisque
861 992 972 1030 invise
992 992 1165 1038 Latinos,

175 1059 312 1097 Tristis
332 1059 395 1097 ubi
413 1059 573 1098 infausto
592 1059 838 1097 committitur
856 1060 976 1097 omine
995 1074 1132 1112 pugna.

175 1127 283 1165 Haec
304 1140 408 1177 cape,
423 1136 460 1164 et
476 1126 641 1164 ultricem
656 1126 826 1177 pharetra
840 1127 1013 1176 deprome
1027 1127 1201 1179 sagittam
1215 1144 1226 1166 :

175 1192 277 1238 Hac,
297 1193 521 1244 quicumque
541 1207 682 1231 sacrum
703 1193 845 1230 violarit
861 1193 1006 1231 volnere
1025 1207 1175 1244 corpus,

174 1259 289 1304 Tros,
310 1259 485 1305 Italusve,
505 1260 593 1298 mihi
612 1260 748 1311 pariter
762 1261 825 1298 det
845 1260 1018 1311 sanguine
1037 1274 1185 1311 poenas.

172 1326 264 1364 Post
284 1339 356 1378 ego
377 1327 472 1364 nube
491 1340 578 1364 cava
596 1327 816 1365 miserandae
836 1340 983 1377 corpus,
1003 1336 1040 1364 et
1059 1341 1156 1364 arma

173 1392 390 1444 Inspoliata,
419 1392 532 1432 feram
553 1393 710 1438 tumulo,
731 1394 942 1444 patriaeque
961 1407 1145 1444 reponam.

158 1459 286 1498 ·Dixit
303 1473 313 1498 ε
343 1469 382 1497 at
402 1459 477 1504 illa,
496 1459 583 1497 levis
602 1460 694 1498 coeli
715 1460 860 1511 delapsa
879 1475 944 1510 per
961 1474 1079 1505 auras,

171 1527 356 1572 Insonuit‚
376 1527 482 1579 nigro
501 1528 727 1566 circumdata
746 1528 893 1565 turbine
917 1542 1064 1579 corpus.

223 1594 285 1632 At
304 1607 429 1631 manus
448 1593 586 1632 interea
605 1595 716 1632 muris
737 1594 899 1646 Trojana
920 1595 1157 1645 propinquat,

174 1659 399 1709 Etruscique
419 1660 546 1705 duces,
575 1661 816 1712 equitumque
836 1661 1018 1698 exercitus
1037 1662 1178 1707 omnis;

173 1727 380 1779 Compositi
401 1741 549 1765 numero
569 1728 605 1764 in
627 1737 776 1766 turmas.
809 1728 948 1766 Fremit
967 1742 1123 1779 aequore
1142 1738 1223 1767 toto

173 1794 357 1833 Insultans
377 1794 533 1845 sonipeS,
560 1803 597 1832 et
616 1795 747 1845 pressis
768 1804 907 1846 pugnat
928 1795 1090 1840 habenis,

171 1860 265 1898 Huc
284 1861 469 1906 obversus,
489 1870 527 1898 et
547 1861 644 1900 huc:
676 1871 755 1899 tum
775 1861 848 1899 late
868 1860 1003 1898 ferreus
1023 1862 1136 1899 hastis

173 1928 317 1966 Horret
337 1942 439 1980 ager,
459 1929 651 1980 campique
671 1929 775 1966 armis
795 1928 1009 1966 sublimibus
1028 1931 1167 1967 ardent.

172 1994 253 2032 Nec
274 2008 344 2032 non
366 1994 559 2046 Messapus
580 2005 721 2040 contra,
750 1995 955 2045 celeresque
976 1995 1117 2041 Latini,

172 2061 226 2099 Et
245 2075 329 2099 cum
348 2061 459 2100 fratre
479 2062 609 2107 Coras,
637 2072 674 2100 ct
694 2063 842 2114 virginis
863 2062 917 2099 ala
936 2062 1125 2109 Camillae,

171 2127 331 2165 Adversi
351 2142 482 2178 campo
502 2138 690 2180 apparent,
711 2130 905 2180 hastasque
924 2130 1085 2167 reductis

176 2193 403 2234 protendunt
422 2195 532 2248 longe
552 2196 702 2243 dextris,
721 2206 759 2236 et
780 2196 918 2248 spicula
934 2197 1074 2235 vibrant
1092 2213 1102 2240 ;
