1455 2685
221 318 299 354 230
485 313 786 353 AENEIDOS
843 315 943 353 XII.
1129 329 1164 353 v.
1180 317 1270 356 299.

219 426 396 476 Corripit,
423 433 461 464 et
481 425 633 464 venienti
656 427 800 471 Ebuso,
829 426 1047 478 plagamque
1068 426 1213 472 ferenti,

221 494 396 543 Occupat
415 507 455 530 os
476 493 624 530 flammis
643 508 652 531 :
683 493 744 530 olli
764 495 892 545 ingens
911 494 1024 531 barba
1042 493 1189 538 reluxit,

221 561 469 610 Nidoremque
489 561 655 597 ambusta
674 561 787 598 dedit.
846 563 964 610 Super
982 561 1057 611 ipse
1077 570 1224 598 secutus

220 628 422 667 caesariem
441 627 539 664 laeva
558 628 697 665 turbati
717 628 867 678 corripit
887 628 1015 673 hostis,

219 694 474 744 Impressoque
493 708 588 746 genu
603 695 733 739 nitens,
754 704 870 732 terrae
889 695 1051 745 applicat
1071 695 1190 746 ipsum
1209 710 1220 734 ε

220 761 282 799 Sic
303 761 421 812 rigido
440 761 535 798 latus
554 775 637 799 ense
657 761 754 798 ferit.
814 761 1018 799 Podalirius
1037 762 1188 807 Alsum,

219 827 421 873 Pastorem,
449 828 637 878 primaque
657 828 732 880 acie
752 842 817 878 per
836 827 909 865 tela
927 836 1106 873 ruentem,

217 895 318 933 Ense
337 909 488 945 sequens
507 896 619 940 nudo,
650 894 917 945 superimminet
935 910 944 932 :
975 894 1034 932 ille
1054 896 1170 933 securi

217 963 377 1000 Adversi
398 962 553 1000 frontem
573 962 742 1007 mediam,
771 970 1021 1012 mentumque,
1050 963 1201 1000 reducta

218 1029 387 1080 Disjicit,
416 1038 452 1066 et
474 1042 598 1078 sparso
618 1028 690 1065 late
710 1028 805 1079 rigat
825 1042 922 1065 arma
940 1042 1081 1067 cruore.

218 1097 296 1134 Olli
315 1098 403 1134 dura
423 1097 523 1146 quies
543 1095 684 1140 oculos,
712 1104 749 1132 et
770 1095 906 1133 ferreus
926 1105 1063 1147 urguet

218 1166 401 1209 Somnus3
430 1163 464 1200 in
486 1172 666 1200 aeternam
687 1162 907 1199 clauduntur
925 1162 1060 1200 lumina
1080 1171 1237 1201 noctem.

268 1232 330 1269 At
349 1231 431 1281 pius
451 1231 597 1268 Aeneas
618 1229 784 1266 dextram
802 1229 978 1266 tendebat
997 1229 1184 1274 inermem,

217 1298 367 1337 Nudato
388 1296 522 1346 capite,
551 1304 661 1346 atque
681 1309 765 1332 suos
785 1295 940 1333 clamore
961 1296 1116 1333 vocabat
1135 1311 1144 1334 :

217 1366 306 1415 Quo
326 1364 429 1402 ruitis
448 1365 460 1402 ?
480 1378 617 1414 quaeve
636 1362 705 1400 ista
724 1376 850 1413 repens
870 1363 1050 1400 discordia
1070 1363 1187 1415 surgit
1206 1364 1219 1401 ?

217 1432 253 1469 Ο
274 1431 444 1468 cohibete
462 1431 530 1467 iras
548 1434 556 1468 !
590 1431 703 1468 ictum
718 1432 791 1482 jam
813 1431 955 1474 foedus,
983 1439 1019 1467 et
1041 1443 1164 1467 omnes

215 1499 452 1548 Compositae
471 1498 568 1549 leges
584 1513 596 1543 ς
626 1497 712 1534 mihi
728 1499 786 1549 jus
807 1511 1022 1535 concurrere
1043 1496 1109 1533 soli
1127 1510 1137 1534 ε

214 1566 281 1604 Me
302 1566 419 1610 sinite,
432 1574 542 1616 atque
562 1565 700 1602 aufeite
720 1574 850 1602 metus.
908 1565 995 1616 Ego
1016 1563 1161 1601 foedera
1177 1563 1262 1600 faxo

215 1633 336 1670 Firma
355 1646 461 1669 manu
479 1648 488 1670 ε
511 1633 680 1670 Turnum
694 1635 769 1684 jam
788 1632 922 1669 debent
942 1632 1030 1669 haec
1050 1631 1137 1668 mihi
1150 1644 1260 1669 sacra.

215 1698 298 1737 Has
317 1698 410 1735 inter
430 1712 548 1742 voces,
578 1698 695 1735 media
709 1699 803 1735 inter
822 1698 908 1735 talia
927 1699 1050 1743 verba,

214 1766 337 1804 Ecce!
371 1765 446 1802 viro
466 1765 620 1802 stridens
639 1764 702 1802 alis
722 1764 855 1815 allapsa
874 1765 1009 1817 sagitta
1028 1775 1097 1810 est,

212 1832 414 1877 Incertum,
443 1845 514 1881 qua
534 1831 636 1882 pulsa
653 1838 772 1876 manu,
802 1845 876 1881 quo
896 1832 1040 1869 turbine
1061 1833 1189 1869 adacta
1206 1847 1217 1878 3

213 1899 306 1948 Quis
324 1907 463 1936 tantam
487 1897 636 1936 Rutulis
655 1897 811 1943 laudem,
840 1912 1003 1942 casusne,
1033 1899 1182 1944 deusne,

210 1965 410 2003 Attulerit.
446 1966 573 2003 Pressa
593 1973 648 2002 est
669 1965 818 2017 insignis
847 1965 963 2017 gloria
983 1965 1071 2002 facti
1088 1981 1098 2010 ;

212 2032 292 2070 Nec
313 2046 387 2069 sese
409 2034 557 2070 Aeneae
571 2033 724 2084 jactavit
745 2032 888 2070 volnere
909 2033 1114 2083 quisquam.

264 2100 427 2142 Turnus,
455 2107 497 2136 ut
516 2100 670 2137 Aenean
691 2100 879 2137 cedentem
899 2113 944 2137 ex
964 2099 1107 2150 agmine
1127 2097 1231 2145 vidit,

211 2166 472 2216 Turbatosque
492 2166 614 2213 duces,
643 2168 763 2205 subita
791 2181 854 2217 spe
874 2166 1044 2211 fervidus,
1074 2166 1202 2203 ardet:

212 2233 337 2271 Poscit
355 2247 482 2284 equos,
502 2243 612 2285 atque
632 2248 728 2273 arma
743 2234 872 2282 simul;
893 2233 1058 2285 saltuque
1078 2232 1255 2284 superbus
