1455 2685
262 276 311 311 38
551 273 852 313 AENEIDOS
907 273 982 312 VI.
1157 288 1191 312 v.
1213 277 1298 314 1:31.

260 387 334 424 Dis
354 385 479 437 geniti,
499 394 663 436 potuere.
696 385 842 423 Tenent
857 385 973 422 media
992 385 1111 422 omnia
1130 385 1249 432 silvae,

258 454 497 504 Cocytusque
517 441 734 490 siuu'labens
753 451 990 489 circumvenit
1009 460 1100 489 atro.

261 520 386 569 Quod,
408 521 435 557 si
455 528 578 556 tantus
598 532 699 555 amor
717 518 841 563 menti,
870 519 898 554 si
916 528 1017 555 tanta
1037 518 1170 568 cupido
1189 527 1259 564 est,

261 586 323 623 Bis
345 586 497 636 Stygios
516 587 635 622 innare
655 584 765 629 lacus,
785 585 840 622 bis
860 585 962 634 nigra
982 584 1100 621 videre

259 653 428 696 Tartara,
455 662 491 688 et
512 652 635 687 inmun
650 654 751 703 juvat
771 650 957 701 induigere
976 650 1088 686 labori
1105 665 1115 694 ;

257 719 419 768 Accipe,
440 732 532 768 quae
551 717 757 768 peragenda
778 716 888 768 prius.
920 716 1034 753 Latet
1046 716 1173 753 arbore
1188 729 1303 766 opaca

257 785 406 822 Aureus
425 793 461 821 et
481 783 588 828 foliis,
616 794 653 821 et
672 783 770 820 lento
790 783 931 826 vimine,
959 796 1089 827 ramus,

256 852 278 888 J
283 851 390 888 unoni
408 850 564 888 infernae
583 851 703 888 dictus
723 863 819 887 sacer
836 865 846 888 ι
876 849 973 887 hunc
993 849 1088 900 tegit
1107 848 1223 886 omnis

257 919 401 962 Lucus,
429 927 466 955 et
482 916 642 954 obscuris
662 915 836 953 claudunt
855 914 1078 953 convallibus
1099 916 1258 954 umbrae.

259 985 332 1021 Sed
351 998 420 1020 non
440 993 522 1021 ante
540 984 647 1020 datur
665 982 804 1020 telluris
823 990 951 1032 operta
970 982 1101 1025 subire,

254 1051 480 1088 Aur-icomos
499 1063 605 1100 quam
625 1050 706 1100 quis
725 1047 943 1099 decerpserit
963 1049 1090 1085 arbore
1109 1047 1218 1084 fetus.

257 1117 349 1154 Hoc
369 1117 437 1153 sibi
455 1116 608 1166 pulchra
629 1129 732 1153 suum
753 1114 838 1151 ferri
860 1114 1074 1164 Proserpina
1093 1126 1224 1151 munus

257 1183 437 1220 Instituit.
469 1182 592 1220 Primo
613 1181 750 1226 avolso,
778 1195 850 1217 non
870 1180 996 1218 deficit
1015 1179 1106 1218 alter

255 1251 408 1287 Aureus
426 1265 436 1294 ;
464 1259 501 1287 et
523 1249 627 1286 simili
647 1247 846 1286 frondescit
866 1248 968 1299 virga
986 1246 1143 1285 metallo.

257 1316 363 1367 Ergo
384 1316 454 1353 alte
475 1316 614 1367 vestiga
633 1315 759 1359 oculis,
788 1324 826 1353 et
844 1315 913 1352 rite
932 1323 1118 1364 repertum

256 1382 376 1432 Carpe
388 1395 506 1419 manu.
521 1381 690 1432 Namque
704 1382 778 1431 ipse
785 1380 906 1418 volens
918 1380 1106 1430 facilisque
1118 1388 1301 1430 sequetur,

259 1449 297 1486 Si
317 1459 354 1486 te
372 1448 447 1486 fata
466 1457 596 1486 vocant
614 1463 623 1485 ε
653 1447 770 1492 aliter,
790 1462 861 1484 non
882 1447 1015 1484 viribus
1035 1446 1116 1483 ullis

257 1517 427 1559 Vincere,
455 1530 519 1552 nec
540 1515 631 1552 duro
652 1514 789 1565 poteris
817 1513 1016 1552 convellere
1037 1513 1144 1550 ferro.

258 1584 462 1627 Praeterea,
486 1585 584 1634 jacet
604 1581 808 1619 exanimum
828 1581 897 1619 tibi
916 1595 1050 1631 corpus
1069 1580 1186 1626 amici,

260 1651 371 1702 (Heu
389 1652 397 1687 !
430 1648 565 1700 nescis)
587 1658 777 1698 totamque
795 1648 951 1685 incestat
978 1647 1103 1685 funere
1123 1646 1271 1684 classem
1288 1661 1300 1692 ;

255 1716 362 1753 Dum
381 1715 546 1753 consulta
563 1715 672 1766 petis,
700 1723 899 1765 nostroque
918 1714 954 1751 in
974 1713 1095 1750 limine
1114 1713 1260 1763 pendes.

257 1782 413 1820 Sedibus
432 1782 527 1819 hunc
547 1781 641 1819 refer
659 1790 743 1818 ante
763 1781 848 1825 suis,
871 1789 909 1818 et
928 1781 1044 1817 conde
1068 1779 1248 1830 sepulcro.

257 1852 346 1890 Duc
369 1851 491 1902 nigras
512 1849 669 1899 pecudes
688 1864 697 1886 ε
727 1862 767 1885 ea
788 1848 902 1898 prima
923 1847 1064 1899 piacula
1083 1857 1205 1885 sunto.

259 1919 318 1955 Sic
340 1919 484 1954 demum
502 1916 604 1954 lucos
625 1916 792 1967 Stygios,
821 1928 931 1965 regna
951 1914 1043 1951 invia
1061 1914 1162 1957 vivis,

255 1984 467 2033 Adspicies.
497 1983 608 2020 Dixit
626 1998 636 2028 3
667 1995 862 2032 pressoque
880 1980 1066 2018 obmutuit
1085 1993 1159 2017 ore.

309 2051 457 2088 Aeneas
477 2059 617 2086 moesto
637 2049 776 2086 defixus
795 2048 930 2084 lumina
949 2046 1053 2084 voltu

258 2116 483 2168 Ingreditur,
510 2115 676 2166 linquens
695 2125 838 2152 antrum
857 2130 866 2160 ;
896 2127 1096 2163 caecosque
1111 2111 1250 2150 volutat

257 2183 422 2222 Eventus
441 2181 560 2218 animo
579 2194 712 2218 secum.
743 2180 815 2218 Cui
836 2180 929 2217 fidus
950 2179 1116 2216 Achates
