1455 2685
182 309 215 334 v.
230 295 317 335 828.
489 294 793 334 AENEIDOS
850 297 902 334 X.
1161 301 1238 338 18ss

182 406 358 445 Manibus
376 414 414 444 et
433 405 558 451 cineri,
586 407 615 443 si
635 420 706 456 qua
720 414 775 444 est
793 419 834 444 ea
852 420 953 452 cura,
982 408 1147 449 remitto.

183 473 276 512 Hoc
295 482 417 511 tamen
435 472 560 511 infelix
576 474 740 511 miseram
760 472 921 512 solabere
941 479 1096 513 mortem
1115 492 1126 521 ;

180 541 334 578 Aeneae
354 540 475 592 magni
495 541 624 578 dextra
644 541 755 578 cadis.
815 542 990 592 Increpat
1009 541 1107 580 ultro

182 607 404 646 Cunctantis
421 607 552 653 socios,
580 617 618 645 et
639 616 735 645 terra
754 608 920 646 sublevat
938 608 1072 659 ipsum,

177 674 366 726 Sanguine
384 683 594 725 turpantem
620 683 765 713 comtos
785 675 830 712 de
849 689 950 713 more
977 675 1145 727 capillos.

232 741 392 787 Interea,
412 741 560 793 genitor
579 741 745 780 Tiberini
765 742 811 778 ad
832 741 989 779 fluminis
1008 741 1141 779 undam

177 807 341 846 Volnera
359 808 520 846 siccabat
535 807 710 859 lymphis,
739 822 947 859 corpusque
965 808 1109 846 levabat

178 874 342 912 Arboris
361 874 509 912 acclinis
528 883 686 913 trunco:
717 875 847 926 procul
867 888 967 912 aerea
987 875 1096 912 ramis

179 941 380 994 Dependet
399 942 516 994 galea,
544 951 581 980 et
601 952 707 993 prato
727 942 850 994 gravia
869 956 967 980 arma
985 942 1195 993 quiescunt.

178 1009 288 1047 Stant
308 1009 394 1047 lecti
415 1009 553 1047 circum
568 1011 717 1062 juvenes
735 1024 744 1047 z
766 1010 855 1060 ipse,
875 1023 995 1061 aeger,
1014 1009 1197 1055 anhelans,

176 1075 284 1114 Colla
303 1075 417 1120 fovet,
446 1075 548 1114 fusus
567 1089 767 1126 propexam
788 1076 823 1112 in
843 1086 993 1126 pectore
1012 1076 1162 1114 barbam
1178 1091 1188 1115 ε

176 1141 300 1180 Multa
319 1156 429 1193 super
449 1143 578 1181 Lauso
598 1144 751 1194 rogitat,
780 1142 1010 1193 multumque
1034 1142 1201 1188 remittit,
1239 1152 1246 1157 ’

175 1210 253 1259 Qui
272 1218 458 1255 revocent,
486 1210 690 1260 moestique
709 1210 826 1247 ferant
846 1210 1015 1247 mandata
1035 1210 1206 1259 parentis.

172 1278 236 1314 At
257 1277 422 1315 Lausum
442 1277 530 1314 socii
548 1277 748 1314 exanimem
769 1291 877 1327 super
895 1291 992 1313 arma
1011 1277 1178 1314 ferebant

175 1343 335 1389 Flentes,
363 1344 561 1396 ingentem,
590 1353 701 1394 atque
721 1344 859 1395 ingenti
880 1343 1023 1381 volnere
1044 1344 1193 1382 victum.

173 1411 346 1462 Agnovit
366 1410 475 1463 longe
495 1412 673 1463 gemitum
694 1425 867 1462 praesaga
889 1410 971 1447 mali
991 1425 1102 1449 mens.

172 1477 351 1517 Canitiem
370 1478 488 1515 multo
507 1477 686 1515 deformat
708 1478 868 1528 pulvere,
896 1488 934 1515 et
954 1478 1076 1515 ambas

171 1544 241 1583 Ad
259 1544 402 1582 coelum
421 1545 540 1582 tendit
559 1545 710 1595 palmas,
737 1554 775 1582 et
794 1557 948 1595 corpore
967 1544 1141 1582 inhaeret.

171 1612 342 1649 Tantane
362 1625 418 1649 me
438 1612 556 1650 tenuit
577 1612 732 1657 vivendi,
762 1621 859 1657 nate,
888 1611 1070 1662 voluptas,

173 1678 231 1716 Ut
250 1692 318 1728 pro
339 1692 395 1716 me
414 1679 541 1716 hostili
561 1688 706 1729 paterer
727 1679 922 1717 succedere
941 1679 1091 1715 dextrae

171 1745 294 1795 Quem
306 1745 577 1797 genui?Tuane
592 1746 680 1783 haec
694 1746 841 1797 genitor
854 1759 919 1796 per
930 1745 1074 1783 volnera
1085 1759 1220 1793 servor,

171 1811 297 1850 Morte
317 1821 382 1849 tua
400 1812 518 1850 vivens
535 1814 548 1850 ἓ
571 1812 684 1852 Heu!
710 1828 805 1851 nunc
822 1813 951 1851 misero
972 1812 1058 1850 mihi
1074 1813 1219 1850 demum

171 1878 353 1916 Exsilium
374 1879 497 1917 infelix
518 1883 526 1918 Ε
550 1894 646 1918 nunc
667 1881 740 1919 alte
761 1880 889 1918 volnus
909 1881 1078 1918 adactum
1097 1882 1106 1917 Ξ

172 1945 275 1982 Idem
293 1959 379 1998 ego,
410 1956 506 1992 nate,
534 1957 638 1985 tuum
660 1947 836 1986 maculavi
855 1947 1004 1985 crimine
1024 1960 1168 1990 nomen,

170 2011 300 2050 Pulsus
319 2013 367 2050 ob
386 2013 552 2052 invidiam
573 2015 677 2060 solio,
707 2015 934 2065 sceptrisque
955 2014 1128 2065 paternis.

171 2078 380 2117 Debueram
400 2081 539 2131 patriae
559 2095 707 2133 poenas,
734 2083 900 2133 odiisque
921 2095 1108 2119 meorum:

169 2145 301 2184 Omnis
320 2161 386 2198 per
404 2157 539 2187 mortes
559 2149 710 2186 animam
730 2159 870 2188 sontem
889 2149 965 2200 ipse
985 2148 1160 2186 dedissem
1184 2152 1191 2184 Ξ

170 2213 376 2252 Nuncvivo!
393 2229 509 2265 neque
521 2215 1216 2267 adhuchomines,lucemqut-,re1i11quoz1
