1455 2685
225 309 278 346 22
523 306 822 348 AENEIDOS
877 309 928 347 V.
1128 326 1162 349 v.
1180 312 1269 353 578.

223 417 445 455 Lustravere
463 417 499 454 in
518 418 619 469 equis
636 434 648 464 ;
677 419 820 471 signum
840 420 998 458 clamore
1017 423 1153 472 paratis

223 485 406 535 Epytides
425 485 535 536 longe
554 486 670 532 dedit,
697 486 931 538 insonuitque
951 488 1110 540 flagello.

222 553 299 591 Olli
317 553 517 590 discurrere
536 558 656 603 pare's,
684 564 795 605 atque
814 556 958 606 agmina
976 557 1070 593 terni

220 621 396 659 Diductis
417 620 551 657 solvere
570 621 718 667 chon‘s3
747 625 965 672 rursusqne‚'
986 624 1120 668 vocati,

220 689 440 726 Convertere
460 688 546 732 vias,
566 686 768 738 infestaque
786 689 859 725 tela
873 689 1001 727 tulere.

219 756 314 792 Inde
332 754 420 791 alios
439 754 563 791 ineunt
582 768 722 798 cursus,
741 754 903 805 aliosque
930 770 1109 801 recursuS,

217 822 396 860 Adversis
415 820 538 873 spatiis
555 836 567 866 ;
596 820 815 872 alternisque
833 823 985 860 orbibus
1003 825 1110 861 orbes

217 888 445 939 Impediunt,
461 901 682 938 pugnaeque
699 888 796 926 cient
814 888 1003 926 simulacra
1023 890 1090 927 sub
1110 891 1229 928 annis.

215 956 270 994 Et
289 969 385 992 nunc
403 964 509 1007 terga
528 954 620 1007 fuga
651 955 789 993 nudant
805 971 816 1000 ;
844 970 940 993 nunc
960 957 1099 1007 spicula
1118 966 1264 996 vertunt

215 1022 353 1060 Infensi
371 1038 381 1067 ;
410 1021 659 1072 factapariter
677 1035 773 1059 nunc
793 1035 883 1072 pace
903 1022 1082 1060 feruntur.

215 1091 274 1128 Ut
293 1089 475 1139 quondam
495 1089 608 1127 Creta
625 1087 742 1126 fertur
764 1090 1018 1140 Labyrinthus
1038 1091 1073 1127 in
1094 1091 1182 1136 alta,

215 1157 419 1194 Parietibus
438 1166 583 1193 textum
602 1156 717 1193 caecis
736 1156 818 1200 iter,
838 1157 1106 1208 ancipitemque

213 1223 318 1262 Mille
337 1223 401 1260 viis
421 1223 589 1260 habuisse
608 1221 748 1265 dolum,
776 1236 849 1273 qua
867 1223 970 1275 signa
987 1226 1159 1276 sequendi

213 1290 372 1328 Falleret
389 1290 625 1339 indeprensus
643 1299 681 1326 et
695 1289 928 1328 irremeabilis
946 1306 1047 1330 error
1064 1309 1075 1332 :

213 1357 331 1394 Hand
349 1356 420 1394 alio
440 1357 630 1394 Teucrum
649 1357 725 1393 nati
745 1357 898 1408 vestigia
916 1372 1025 1396 cursu

212 1424 439 1474 Impediunt,
466 1432 674 1473 texuntque
693 1422 800 1474 fugas
818 1435 857 1461 et
876 1424 1014 1474 proelia
1037 1425 1126 1464 ludo
1144 1443 1155 1473 ;

210 1491 439 1541 Delphinum
451 1489 660 1540 similes‚qui
671 1504 736 1540 per
745 1492 857 1528 maria
866 1491 1013 1529 humida
1025 1494 1142 1532 nando
1161 1496 1260 1546 [das.
1290 1505 1296 1511 '

209 1557 449 1609 Carpathium
465 1557 727 1608 Libycumque
744 1568 881 1602 secant,
895 1558 1100 1610 luduntque
1113 1576 1179 1612 per
1197 1576 1264 1600 un-

207 1624 326 1662 Hunc
337 1624 556 1668 morem‚hos
565 1636 741 1668 cursus‚at
747 1639 817 1675 que
823 1626 913 1663 haec
923 1628 1119 1666 certamina
1124 1631 1263 1680 primus

205 1691 405 1735 Ascanius,
425 1691 598 1742 Longam
617 1692 728 1728 muris
747 1706 862 1742 quum
881 1694 1044 1745 cingeret
1062 1686 1220 1743 Albam,

209 1759 371 1803 Retulit,
397 1767 435 1796 et
454 1759 593 1809 priscos
612 1759 741 1796 docuit
760 1759 942 1797 celebmre
962 1761 1135 1805 Latinos,

206 1827 295 1876 Quo
313 1839 405 1876 puer
421 1825 498 1875 ipse
517 1826 643 1869 modo,
671 1839 792 1863 secum
813 1841 888 1876 quo
908 1827 1025 1865 Tro'ia
1046 1830 1175 1878 pubes.

205 1892 348 1931 Albani
364 1893 522 1929 docuere
541 1906 648 1930 suos:
678 1892 762 1931 hinc
781 1894 935 1931 maxima
957 1909 1068 1946 porro

204 1959 369 2010 Accepit
393 1959 527 2003 Roma,
555 1969 593 1997 et
613 1960 771 2010 patrium
800 1962 952 1998 servavit
974 1965 1148 2000 honorem
1166 1978 1178 2009 ;

204 2027 392 2078 Trojaque
412 2040 521 2072 nunc,
541 2027 642 2078 pueri
662 2028 866 2080 Trojanum
886 2029 1022 2066 dicitur
1040 2043 1185 2081 agmen.

204 2093 292 2131 Hac
312 2093 493 2131 celebrata
511 2103 618 2131 tenus
637 2105 762 2132 sancto
782 2091 978 2132 certamina
995 2097 1103 2146 patri.

257 2160 338 2198 Hic
357 2160 514 2212 primum
535 2162 701 2199 Fortuna
719 2162 830 2200 fidem
849 2172 990 2200 mutata
1010 2164 1169 2201 novavit.

203 2228 308 2271 Dum
327 2227 432 2266 variis
448 2228 593 2267 tumulo
611 2228 774 2268 referunt
793 2229 977 2269 sollemnia
994 2230 1105 2276 ludis,
