1455 2685
133 242 169 265 v.
187 229 251 266 48.
441 223 746 262 AENEIDOS
805 225 857 262 X.
1110 229 1184 265 155

133 338 284 376 Aeneas
304 350 386 374 sane
406 335 543 387 ignotis
558 338 722 387 jactetur
740 335 775 371 in
797 335 915 380 undis,

135 404 203 449 Et,
225 402 604 454 quamcumque-viam
625 402 764 439 dederit
786 402 963 442 Fortuna,
986 411 1183 451 sequatur:

134 470 253 508 Hunc
274 479 399 521 tegere
427 478 465 507 et
485 470 582 506 dirae
604 468 738 506 valeam
758 469 962 505 subducere
985 482 1143 519 pugnae.

134 537 207 575 Est
219 537 483 581 Amathus,est
495 536 590 574 celsa
603 535 689 572 mihi
706 535 869 585 Paphus,
882 545 993 584 atque
1007 535 1185 586 Cythera,

133 603 342 654 Idaliaeque
362 604 492 640 domus
507 618 516 641 :
547 602 676 653 positis
694 602 872 653 inglorius
889 602 998 638 armis

133 670 277 722 Exigat
297 670 357 707 hic
376 684 516 707 aevum.
548 669 690 720 Magna
710 668 849 706 ditione
864 669 997 720 jubeto

131 737 322 789 Carthago
342 745 486 788 premat
506 736 712 774 Ausoniam
730 751 739 774 z
771 735 859 772 nihil
878 736 1029 772 urbibus
1049 735 1132 772 inde

133 804 310 844 Obstabit
330 803 470 854 Tyriis.
502 802 605 853 Quid
625 811 765 853 pestem
784 803 934 840 evadere
955 802 1039 840 belli

131 871 250 917 Juvit,
277 879 314 909 et
335 869 541 922 Argolicos
560 869 718 907 medium
739 868 877 920 fugisse
897 884 963 920 per
981 869 1089 921 ignis,

131 938 287 988 Totque
307 937 414 974 maris
434 946 629 987 vastaeque
648 936 824 973 exhausta
844 936 1004 986 pericula
1027 946 1157 982 terrae,

131 1005 238 1044 Dum
246 1004 399 1042 Latium
406 1003 546 1041 Teucri
558 1002 788 1053 recidivaque
799 1003 978 1054 Pergama
991 1005 1186 1054 quaerunt?

132 1072 220 1110 Non
242 1072 368 1115 satius,
388 1071 525 1108 cineres
545 1070 682 1120 patriae
701 1070 870 1108 insedisse
890 1084 1091 1121 supremos,

130 1140 265 1189 Atque
279 1138 394 1175 solum
410 1151 484 1188 quo
498 1136 614 1189 Troja
631 1137 722 1175 fuit?
736 1138 930 1175 Xanthum
943 1148 980 1176 et
999 1139 1186 1178 Simoenta

133 1205 276 1250 Redde,
305 1219 384 1250 oro,
405 1204 568 1248 miseris;
597 1205 803 1254 iterumque
827 1205 1009 1243 revolvere
1028 1219 1132 1243 casus

130 1273 208 1317 Da,
228 1282 346 1322 pater,
369 1271 502 1308 Iliacos
523 1270 691 1308 Teucris·
750 1271 852 1308 Tum
873 1272 972 1323 regia
993 1273 1014 1310 J
1020 1286 1104 1318 uno,

129 1340 236 1378 Acta
256 1339 378 1376 furore
397 1338 500 1390 gravi
518 1353 527 1375 :
561 1338 664 1389 Quid
684 1351 739 1374 me
759 1337 832 1375 alta
852 1339 992 1376 silentia
1011 1341 1114 1392 cogis

132 1407 334 1457 Rumpere,
361 1415 399 1443 et
418 1405 625 1443 obductum
647 1405 766 1442 verbis
786 1405 932 1456 volgare
951 1406 1115 1444 dolorem
1134 1408 1147 1446 ἓ

128 1475 283 1512 Aenean
304 1472 493 1510 hominum
514 1472 720 1522 quisquam,
742 1472 952 1522 divomque,
973 1474 1120 1525 subegit

130 1539 235 1578 Bella
252 1538 369 1589 sequi,
398 1547 460 1575 aut
480 1537 623 1575 hostem
643 1538 720 1589 regi
742 1552 778 1575 se
799 1538 928 1576 inferre
950 1540 1118 1579 Latino?

133 1606 280 1644 Italiam
301 1605 385 1644 fatis
405 1605 513 1656 petiit
531 1606 743 1642 auctoribus
762 1622 772 1651 ;
802 1615 882 1643 esto
900 1622 909 1645 :

129 1671 353 1711 Cassandrae
372 1673 549 1723 impulsus
570 1672 684 1710 furiis.
729 1673 830 1711 Num
845 1673 1008 1724 linquere
1027 1685 1145 1714 castra

128 1739 287 1779 Hortati
307 1752 444 1783 sumus,
465 1747 529 1776 aut
550 1738 662 1776 vitam
681 1739 911 1777 committere
933 1743 1048 1779 ventis
1065 1744 1079 1780 ?

128 1805 232 1844 Num
252 1819 366 1856 puero
388 1819 563 1843 summam
584 1804 683 1850 belli,
713 1820 798 1843 num
813 1807 960 1845 credere
979 1822 1101 1846 muros
1119 1825 1130 1855 5

129 1871 408 1922 Tyrrhenamve
427 1872 535 1910 fidem
563 1881 626 1910 aut
646 1873 767 1924 gentis
787 1874 927 1925 agitare
948 1875 1118 1926 quietas?

130 1939 226 1988 Quis
243 1938 331 1976 deus
351 1939 386 1976 in
407 1938 585 1985 fraudem,
607 1954 700 1990 quae
715 1941 806 1978 dura
826 1943 993 1991 potentia
1014 1944 1129 1982 nostri

128 2004 225 2056 Egit
243 2006 256 2042 ?
283 2005 345 2043 ubi
364 2005 424 2044 hic
444 2006 556 2051 Juno,
572 2007 768 2045 demissave
789 2009 948 2046 nubibus
971 2010 1068 2048 Iris?

130 2072 333 2124 Indignum
351 2082 421 2119 est,
444 2073 559 2112 Italos
580 2074 734 2126 Trojam
755 2075 979 2115 circumdare
1002 2078 1152 2116 flammis

129 2139 365 2188 Nascentem,
384 2149 422 2179 et
442 2142 559 2194 patria
579 2141 752 2180 Turnum
771 2143 968 2182 consistere
998 2155 1105 2191 terra,

612 2210 710 2248 U‘z
