1455 2685
246 357 322 396 188
537 353 836 395 AENEIDOS
894 354 970 392 XI.
1170 369 1203 392 v.
1226 357 1292 395 47.

248 467 422 520 Mitteret
433 467 467 505 in
479 481 650 519 magnum
664 467 872 517 imperium;
886 474 1121 516 metuensque
1134 472 1298 509 moneret

249 535 364 575 Acris
382 550 457 573 esse
477 535 584 580 viros,
614 549 699 572 cum
721 535 811 571 dura
831 533 967 584 proelia
988 542 1111 584 gente.

250 601 305 639 Et
325 616 420 639 nunc
439 601 499 639 ille
518 602 678 652 quidem,
709 614 771 651 spe
792 599 949 636 multum
969 608 1101 650 captus
1121 599 1228 647 inani,

252 669 345 707 Fors
364 678 401 707 ct
423 678 506 706 vota
524 668 626 712 facit,
655 666 894 717 cumulatque
915 667 1042 704 altaria
1061 667 1164 704 donis
1180 683 1189 705 :

252 735 333 773 Nos
348 737 515 787 juvenem
535 735 752 778 exanimum,
773 743 811 771 et
832 734 962 786 niljam
983 734 1202 771 coelestibus
1221 734 1303 772 ullis

253 801 478 846 Debentem‚
507 816 598 839 vano
618 802 749 839 moesti
769 801 986 838 comitamur
1005 801 1154 838 honore.

254 868 390 907 Infelix
410 872 417 907 !
451 869 526 906 nati
547 869 655 906 funus
674 868 822 906 crudele
841 868 993 905 videbis.

255 935 314 990 Hi
333 936 447 990 nostri
467 936 619 980 reditus,
648 936 931 986 exspectatique
950 935 1128 985 triumphi
1145 936 1157 973 ?

260 1002 370 1040 Haec
384 1017 461 1040 mea
476 1017 606 1055 magna
619 1003 707 1040 fides
725 1003 737 1040 ?
756 1003 817 1041 At
830 1016 915 1048 non,
929 1001 1115 1046 Evandre,
1126 1001 1305 1052 pudendis

255 1070 477 1108 Volneribus
497 1070 643 1120 pulsum
663 1070 838 1120 adspicies
856 1085 865 1114 ;
896 1083 960 1106 nec
982 1069 1117 1119 sospite
1136 1069 1254 1105 dirum

258 1138 418 1188 Opt'abis
438 1129 523 1175 nato
543 1137 652 1174 funus
672 1146 788 1186 pater.
846 1135 925 1173 Hei
944 1136 1031 1172 mihi
1051 1138 1058 1172 ἔ
1093 1145 1269 1185 quantum

257 1205 480 1244 Praesidium
502 1203 687 1247 Ausonia,
715 1212 752 1239 et
773 1210 949 1252 quantum
967 1210 1010 1238 tu
1031 1201 1164 1251 perdis,
1195 1201 1274 1238 Iule
1292 1203 1303 1239 1

307 1272 417 1310 Haec
436 1271 500 1308 ubi
519 1270 678 1313 deflevit,
706 1268 786 1306 tolli
806 1267 1007 1305 miserabile
1027 1282 1162 1317 corpus

254 1340 418 1389 Imperat
436 1355 447 1384 ;
467 1347 519 1383 et,
548 1345 630 1374 toto
649 1336 763 1374 lectos
782 1350 827 1373 ex
847 1335 1005 1386 agmine,
1036 1334 1151 1372 mittit

255 1405 363 1444 Mille
383 1405 493 1449 viros,
511 1397 574 1454 qui
595 1417 803 1453 supremum
824 1402 1047 1439 comitentur
1066 1401 1254 1446 honorem,

258 1471 507 1521 Intersintque
528 1470 639 1521 patris
660 1470 816 1507 lacrimis
834 1485 845 1515 ;
877 1468 1004 1505 solatia
1023 1468 1145 1505 luctus

259 1539 409 1589 Exigua
428 1539 599 1590 ingentis,
619 1538 749 1574 misero
770 1536 832 1574 sed
856 1536 980 1573 debita
999 1536 1109 1585 patri.

260 1607 377 1644 Haud
398 1619 525 1656 segnes
544 1604 602 1642 alii
622 1605 745 1649 cratis,
765 1614 801 1641 et
821 1602 930 1640 molle
951 1604 1138 1646 feretrum,

259 1672 442 1710 Arbuteis
462 1681 594 1709 texunt
613 1671 737 1722 virgis,
758 1680 794 1708 et
815 1670 945 1706 vimine
966 1682 1103 1719 querno
1122 1684 1132 1713 3

259 1739 562 1788 Exstructosque
582 1748 683 1776 toros
702 1739 858 1775 obtentu
879 1737 1018 1774 frondis
1037 1736 1257 1774 inumbrant.

260 1806 341 1845 Hic
356 1808 523 1857 juvenem
542 1805 676 1856 agresti
696 1803 886 1841 sublimem
903 1803 1070 1840 stramine
1091 1812 1231 1852 ponunt
1247 1817 1256 1840 ε

262 1872 433 1924 Qualem,
453 1872 615 1924 virgineo
635 1872 837 1910 demessum
856 1870 1002 1921 pollice,
1024 1870 1165 1914 florem,

264 1941 339 1978 Seu
359 1939 476 1977 mollis
496 1938 624 1983 violae,
645 1952 707 1976 seu
727 1937 936 1988 languentis
957 1936 1161 1987 hyacinthi,

264 2007 337 2045 Cui
358 2020 475 2056 neque
495 2005 619 2057 fulgor
638 2005 774 2048 adhuc,
795 2018 860 2041 nec
881 2004 967 2040 dum
987 2017 1050 2040 sua
1070 2002 1185 2039 forma
1200 2016 1317 2040 reces-

264 2075 351 2113 Non
367 2076 441 2126 jam
454 2081 570 2110 mater
587 2072 650 2109 alit
663 2071 807 2115 Tellus,
823 2071 985 2120 viresque
998 2070 1190 2107 ministrat.
1223 2070 1313 2120 [sitg

264 2141 374 2189 Tunc
395 2140 554 2192 geminas
574 2140 696 2182 vestis,
721 2152 881 2188 auroque
901 2146 1076 2186 ostroque
1098 2136 1262 2187 rigentis,
1308 2121 1313 2125 .

264 2206 417 2245 Extulit
436 2206 608 2244 Aeneas:
641 2219 730 2256 quas
750 2205 814 2249 illi,
835 2204 928 2240 laeta
947 2203 1128 2247 laborum,

266 2274 353 2325 Ipsa
372 2273 443 2311 suis
463 2273 644 2325 quondam
665 2271 827 2310 manibus
849 2269 997 2310 Sidonia
1017 2269 1123 2307 Dido
