1455 2685
176 301 256 337 238
446 298 751 365 &ENEIDOS
808 298 910 338 XII.
1085 313 1120 338 v·
1136 301 1230 340 520.

175 412 323 451 Limina
341 428 352 459 3
380 413 637 464 conductaque
656 421 761 464 pater
780 412 910 450 tellure
930 411 1083 449 serebat.

172 480 254 525 Ae,
283 480 383 518 velut
402 480 551 518 immissi
570 480 718 518 diversis
737 480 902 531 partibus
922 479 1024 531 ignes

172 548 355 587 Arentem
374 549 409 586 in
430 548 566 593 silvam,
595 558 632 586 et
652 547 814 599 virgulta
834 547 998 585 sonantia
1017 547 1147 593 lam-03

170 616 259 654 Aut
280 616 342 654 ubi
361 617 516 653 decursu
536 616 663 666 rapido
683 616 728 653 de
747 615 931 652 montibus
951 614 1033 652 altis
1107 618 1229 666 [runt,

170 684 280 722 Dant
300 684 459 721 sonitum
480 683 641 735 spumosi
660 697 796 727 amnes,
825 692 862 719 et
892 682 927 718 in
960 696 1116 732 aequora
1146 696 1230 720 cur-

171 752 341 803 Quisque
361 765 465 789 suum
485 751 684 802 populatus
702 750 773 803 iter
790 765 800 788 t
821 763 893 787 non
914 753 1059 801 segnius
1079 750 1200 795 ambo,

169 818 319 855 Aeneas
339 820 576 870 Turnusque,
596 827 707 856 ruunt
727 831 793 868 per
811 816 948 867 proelia
965 832 976 862 ;
1001 830 1112 862 nunc,
1131 830 1228 855 nunc

171 885 347 924 Fluctuat
367 887 419 923 ira
437 886 535 924 intus
555 902 564 932 ;
593 893 815 936 rumpuntur
835 884 953 921 nescia
973 883 1067 921 vinci

171 953 356 1000 Pectora3
385 968 480 991 nunc
500 953 589 991 totis
609 953 645 990 in
666 952 812 990 volnera
832 952 970 990 viribus
989 951 1075 989 itur.
1129 955 1227 1003 [tem

224 1020 442 1058 Murranum
463 1021 538 1066 hic,
558 1030 682 1058 atavos
702 1029 740 1058 et
760 1033 909 1058 avorum
925 1019 1077 1070 antiqua
1097 1033 1227 1057 sonan·

170 1088 343 1132 Nomina,
365 1102 431 1138 per
449 1101 627 1139 regesque
647 1096 770 1125 actum
792 1101 908 1139 genus
927 1101 1033 1124 omne
1057 1086 1229 1133 Latinos,

170 1155 417 1206 Praecipitem
436 1155 604 1206 scopulo,
631 1165 743 1206 atque
763 1155 923 1207 ingentis
943 1154 1090 1192 turbine
1109 1155 1200 1199 saxi,

170 1223 344 1267 Excutit,
365 1223 593 1274 effunditque
613 1223 691 1260 solo
710 1238 719 1261 :
741 1223 840 1260 hunc
856 1222 934 1260 lora
946 1232 984 1261 et
997 1225 1086 1275 juga
1101 1224 1228 1262 subter

171 1290 390 1328 Provolvere
410 1300 538 1336 rotae;
568 1291 697 1328 crebro
719 1305 828 1342 super
848 1291 987 1343 ungula
1010 1290 1119 1341 pulsu

171 1358 304 1403 limita,
325 1373 391 1396 nec
411 1358 549 1396 domini
570 1373 786 1403 memorum,
805 1358 998 1409 proculcat
1018 1372 1210 1409 equorum.

171 1426 241 1464 Ille
261 1427 380 1464 ruenti
401 1426 538 1477 Hyllo,
559 1427 759 1477 animisque
780 1427 934 1464 immane
954 1425 1138 1472 frementi,

169 1495 361 1538 Occurrit,
381 1494 570 1545 telumque
590 1504 715 1531 aurata
734 1495 780 1531 ad
799 1504 968 1544 tempora
992 1503 1142 1544 torquet
1160 1509 1169 1532 :

169 1561 247 1599 Olli
266 1576 331 1611 per
349 1561 489 1613 galeam
511 1562 585 1599 fixo
605 1562 709 1599 stetit
729 1562 837 1599 hasta
857 1561 1021 1599 cerebro.

168 1629 339 1666 Dextera
358 1643 423 1665 nec
444 1637 509 1666 tua
527 1639 578 1673 te,
610 1629 766 1668 Graium
784 1628 997 1673 fortissime,
1019 1629 1173 1674 Creten,

169 1695 321 1746 Eripuit
341 1697 498 1741 Tur-1103
528 1710 594 1733 nec
615 1697 653 1734 di
673 1705 798 1733 texere
818 1697 1050 1745 Cupencum,

167 1763 300 1800 Aenea
319 1762 496 1807 veniente,
526 1762 580 1799 sui
598 1777 608 1800 ε
640 1762 743 1799 dedit
763 1763 871 1799 obvia
887 1762 986 1799 ferro

170 1832 353 1876 Pectora3
384 1844 450 1867 nec
470 1829 601 1867 misero
622 1829 731 1879 clipei
750 1843 852 1866 mora
871 1829 1014 1880 profuit
1034 1830 1139 1868 aerei.

168 1899 229 1937 Te
250 1912 398 1949 quoque
419 1897 624 1935 Laurentes
643 1896 827 1941 viderunt,
858 1896 996 1940 Aeole,
1025 1896 1145 1948 campi

169 1967 375 2016 Oppetere‚
404 1975 441 2002 et
461 1964 534 2001 late
554 1973 688 2002 terram
709 1973 940 2001 consternere
956 1972 1062 2015 tergo
1081 1981 1091 2010 ;

176 2033 342 2076 Occidis,
372 2032 541 2083 Argivae
561 2045 670 2083 quem
691 2046 763 2069 non
783 2040 939 2082 potuere
959 2031 1160 2082 phalanges

173 2101 355 2143 Sternere,
372 2113 451 2143 nec,
475 2099 608 2138 Priami
628 2114 824 2151 regnorum
845 2112 1004 2143 eversor,
1025 2098 1196 2136 Achilles
1214 2114 1225 2144 ;

171 2168 252 2205 Hic
271 2167 340 2204 tibi
361 2166 489 2204 mortis
508 2176 610 2205 erant
630 2177 774 2205 metae:
806 2167 937 2204 domus
956 2166 1028 2203 alta
1058 2167 1124 2204 sub
1147 2167 1228 2213 Ida,

171 2235 349 2289 Lyrnessi
368 2235 497 2273 domus
509 2234 595 2281 alta,
625 2235 702 2274 solo
723 2235 913 2275 Laurente
935 2233 1156 2286 sepulcrum.
