1455 2685
155 348 188 372 v.
207 337 296 373 492.
459 331 760 371 AENEmos
791 305 795 317 '
819 334 892 371 1x.
1131 338 1201 374 141

158 446 269 490 Nate,
290 444 425 482 refers?
445 445 515 481 hoe
536 458 613 481 sum
634 454 801 494 terraque
818 443 979 493 marique
999 454 1121 488 secuta
1138 446 1151 484 ?

159 512 283 563 Figite
303 525 372 555 me,
393 511 420 548 si
441 525 512 561 qua
530 520 585 548 est
606 511 746 560 pietas;
776 511 811 545 in
833 524 888 547 me
909 511 1027 547 omnia
1048 512 1119 549 tela

157 578 351 629 Conjicite,
371 591 393 614 o
417 577 550 615 Rutuli
568 580 576 614 !
602 591 658 614 me
680 577 830 626 primam
851 578 1028 615 absumite
1054 578 1147 615 ferro
1165 595 1175 617 :

153 645 240 682 Aut
258 653 313 688 tu,
334 657 462 694 magne
483 653 586 693 pater
605 644 739 688 divom,
762 644 940 687 miserere,
961 655 1101 694 tuoque

159 711 319 748 Invisum
340 711 411 747 hoc
432 711 586 747 detrude
605 719 718 760 caput
740 711 805 746 sub
823 710 979 748 Tartara
997 711 1097 756 telo;

158 777 318 827 Quando
337 777 441 814 aliter
460 791 600 827 nequeo
620 777 801 814 crudelem
823 778 1034 829 abrumpere
1054 778 1175 815 vitam.

159 844 249 882 Hoc
270 844 358 880 fletu
377 844 544 880 concussi
563 843 683 886 animi,
705 853 935 893 moestusque
956 859 1021 894 per
1040 845 1154 881 omnis

158 912 197 948 It
213 911 371 961 gemitus
390 925 400 956 ;
431 919 580 960 torpent
602 910 775 947 infractae
796 910 841 946 ad
861 911 997 960 proelia
1018 912 1120 949 vires.

159 975 265 1014 Illam
286 977 538 1014 incendentem
557 976 679 1014 luctus
702 978 833 1014 Idaeus
852 986 888 1014 et
911 979 1048 1022 Actor,

159 1043 288 1080 Ilionei
307 1043 447 1080 monitu
469 1053 506 1080 et
527 1043 681 1080 multum
702 1042 920 1081 lacrimantis
942 1044 1028 1089 Iuli,

158 1110 387 1160 Corripiunt,
416 1111 581 1160 interque
601 1124 725 1147 manus
745 1111 811 1147 sub
832 1119 931 1147 tecta
949 1120 1142 1160 reponunt.

212 1177 276 1213 At
296 1177 386 1214 tuba
405 1177 601 1214 terribilem
623 1177 781 1214 sonitum
802 1177 930 1226 procul
949 1190 1027 1213 aere
1047 1192 1180 1215 canoro

157 1243 346 1293 Increpuit
364 1258 373 1281 :
395 1244 559 1293 sequitur
578 1243 726 1287 clamor,
750 1243 966 1293 coelumque
988 1244 1159 1294 remugit.

157 1309 381 1347 Accelerant
402 1321 483 1348 acta
504 1311 639 1360 pariter
659 1310 842 1347 testudine
864 1311 989 1347 Volsci
1007 1326 1018 1356 ς

158 1376 213 1414 Et
232 1375 345 1413 fossas
361 1377 511 1426 implere
532 1386 672 1427 parant,
693 1391 734 1414 ac
758 1376 882 1414 vellere
902 1377 1045 1414 vallum.

158 1443 352 1492 Quaerunt
372 1457 454 1493 pars
474 1443 627 1488 aditum,
656 1453 693 1481 et
714 1444 817 1480 scalis
837 1444 1052 1480 adscendere
1072 1458 1206 1491 muros,

158 1509 244 1558 Qua
263 1523 342 1546 rara
360 1518 416 1546 cst
436 1510 543 1553 acies,
572 1509 840 1559 interlucetque
861 1523 994 1546 corona

158 1575 243 1613 Non
265 1584 338 1615 tam
359 1576 469 1625 spissa
489 1576 584 1612 viris.
616 1576 794 1613 Telorum
813 1576 998 1613 effundere
1016 1587 1144 1614 contra

158 1642 279 1679 Omne
299 1655 415 1694 genus
435 1642 588 1686 Teucri,
618 1656 659 1679 ac
679 1643 777 1679 duris
797 1643 990 1679 detrudere
1011 1645 1143 1690 contis,

157 1709 313 1747 Assueti
332 1708 444 1760 longo
464 1722 585 1754 muros
605 1708 796 1746 defendere
816 1708 925 1746 bello.

158 1777 254 1814 Saxa
272 1789 420 1826 quoque
440 1775 572 1813 infesto
595 1775 786 1812 volvebant
808 1776 982 1825 pondere,
1002 1777 1029 1813 si
1051 1791 1123 1826 qua

158 1842 314 1880 Possent
333 1851 468 1880 tectam
484 1842 595 1880 aciem
610 1856 856 1893 perrumpere:
876 1856 989 1892 quum
1002 1851 1119 1880 tamen
1132 1858 1209 1880 om.

158 1908 268 1946 Ferre
283 1911 387 1960 juvat
407 1910 533 1946 subter
551 1910 659 1946 densa
673 1909 854 1946 testudine
874 1923 988 1946 casus.
1131 1911 1206 1960 [nis

158 1976 238 2015 Nec
249 1978 323 2027 jam
339 1975 541 2014 sufficiunt:
558 1990 731 2027 nam,qua
746 1976 878 2027 globus
890 1977 1052 2014 imminet
1068 1978 1207 2029 ingens,

160 2041 358 2079 Immunem
379 2042 517 2081 Teucri
539 2043 669 2080 molem
686 2043 907 2094 volvuntque
928 2054 1109 2094 ruuntque
1128 2061 1139 2090 ;

160 2110 266 2159 Quae
285 2109 411 2146 stravit
435 2109 596 2147 Rutulos
617 2109 701 2155 late,
721 2124 976 2160 armorumque
997 2112 1142 2149 resolvit

158 2175 355 2226 Tegmina.
387 2177 465 2214 Nec
486 2185 615 2214 curant
634 2190 745 2214 caeco
768 2179 985 2215 contendere
1006 2179 1128 2217 Marte

161 2242 336 2294 Amplius
355 2244 509 2282 audaces
534 2244 680 2290 Rutuli,
701 2245 762 2282 sed
781 2244 914 2295 pellere
933 2244 1026 2282 vallo
