1455 2685
184 348 219 373 v.
236 335 328 376 715.
508 332 811 371 AENEIDOS
870 334 970 376 XII.
1161 336 1238 374 245

189 446 269 490 Ac,
289 445 402 490 velut,
422 445 562 497 ingenti
584 445 671 489 Sila,
692 459 875 483 summove
895 444 1090 491 Taburno,

190 513 285 551 Cum
307 513 381 549 duo
401 513 582 550 conversis
601 513 746 549 inimica
765 512 799 548 in
821 511 957 561 proelia
971 512 1066 548 tauri

191 579 390 616 Frontibus
412 578 613 622 incurrunt,
642 578 762 628 pavidi
783 591 920 615 cessere
940 578 1104 628 magistri
1121 593 1131 622 3

192 645 276 682 Stat
292 659 403 694 pecus
415 658 520 682 omne
533 654 633 681 metu
647 647 1242 695 mutum,mussantquejuvencae,

191 711 286 761 Quis
302 712 437 748 nemori
457 711 655 761 imperitet,
684 725 793 761 quem
813 720 894 747 tota
915 720 1075 747 armenta
1091 725 1244 761 sequan-

191 778 251 816 llli
271 779 366 816 inter
385 792 459 816 sese
480 777 597 814 multa
616 778 649 814 vi
669 777 815 814 volnera
835 777 1003 822 miscent,
1131 782 1242 829 [tum

191 845 414 895 Cornuaque
433 845 559 882 obnixi
579 845 751 896 infigunt,
771 854 807 881 et
828 844 1000 895 sanguine
1015 843 1118 895 largo

191 911 298 949 Colla
317 925 510 962 armosque
523 911 663 957 lavant;
694 912 834 963 gemitu
853 926 979 948 nemus
1006 926 1111 948 omne
1128 926 1246 950 remu-

193 978 312 1016 Haud
333 978 437 1015 aliter
452 978 552 1016 Tros
573 980 721 1015 Aeneas
741 988 778 1015 ct
799 979 970 1016 Daunius
991 979 1096 1016 heros
1136 981 1214 1031 [git
1233 996 1243 1018 :

193 1048 431 1085 Concurrunt
447 1045 584 1096 clipeis.
619 1046 754 1096 Ingens
770 1044 896 1096 fragor
908 1045 1055 1082 aethera
1070 1047 1243 1096 complet.

192 1113 340 1164 Jupiter
359 1113 436 1163 ipse
457 1113 547 1150 duas
567 1122 723 1163 aequato
743 1112 906 1149 examine
926 1113 1046 1150 lances

195 1180 374 1224 Sustinet,
393 1188 431 1216 et
452 1179 526 1216 fata
546 1179 701 1229 imponit
722 1179 861 1216 diversa
881 1179 1035 1216 duorum
1054 1194 1065 1224 3

193 1248 315 1297 Quem
336 1247 481 1284 damnet
499 1246 615 1291 labor,
635 1254 672 1282 et
693 1260 766 1296 quo
789 1254 913 1297 vergat
938 1245 1098 1295 pondere
1117 1246 1244 1289 letum.

194 1314 343 1353 Emicat
362 1313 435 1358 hic,
457 1313 606 1363 impune
628 1322 775 1362 putans,
795 1321 833 1349 et
853 1326 1007 1362 corpore
1026 1322 1108 1350 toto

194 1381 289 1419 Alte
309 1380 492 1418 sublatum
513 1381 705 1430 consurgit
727 1379 877 1416 Turnus
898 1379 933 1416 iu
952 1394 1086 1425 ensem,

196 1450 249 1487 Et
270 1448 367 1486 ferit.
399 1448 620 1486 Exclamant
642 1446 777 1491 Troes,
799 1447 1006 1497 trepidique
1029 1448 1170 1494 Latini,

194 1517 451 1566 Arrectaeque
471 1515 661 1552 amborum
682 1514 787 1551 acies.
820 1515 879 1552 At
895 1515 1054 1564 perfidus
1073 1518 1165 1554 ensis

196 1583 409 1634 Frangitur,
431 1582 466 1618 in
488 1582 680 1631 medioque
699 1581 884 1618 ardentem
904 1582 1035 1619 deserit
1057 1584 1134 1620 ictu
1152 1599 1163 1629 ς

197 1650 247 1688 Ni
269 1649 358 1701 fuga
379 1649 540 1686 subsidio
561 1649 702 1686 subeat.
736 1648 851 1699 Fugit
871 1648 974 1685 ocior
995 1650 1114 1694 Euro,

196 1719 256 1756 Ut
269 1716 441 1767 capulum
453 1716 623 1767 ignotum
636 1716 875 1765 dextramque
887 1716 1053 1765 adspexit
1064 1717 1248 1757 inermem.

199 1784 311 1822 Fama
323 1782 738 1833 est,praecipitem,cum
754 1782 869 1832 prima
883 1782 916 1818 in
931 1782 1222 1834 proeliajunctos

198 1850 480 1890 Conscendebat
499 1863 628 1900 equos,
649 1849 768 1899 patrio
789 1863 960 1887 mucrone
980 1850 1123 1895 relicto,

198 1918 304 1956 Dum
323 1917 498 1967 trepidat,
520 1916 653 1953 ferrum
674 1916 820 1967 aurigae
842 1917 1002 1966 rapuisse
1024 1917 1199 1958 Metisci:

200 1984 318 2033 quue
338 1983 414 2028 diu,
435 1984 522 2020 dum
543 1992 648 2034 terga
668 1984 803 2020 dabant
824 1983 982 2034 palantia
1003 1984 1156 2030 Teucri,

200 2050 382 2095 Suffecit3
413 2059 607 2100 postquam
628 2064 725 2086 arma
745 2051 802 2088 dei
823 2052 868 2087 ad
890 2050 1068 2088 Volcania
1088 2062 1250 2100 ventum,

199 2116 370 2154 Mortalis
390 2131 531 2161 mucro,
553 2117 689 2168 glacies
710 2132 776 2156 ceu
798 2117 929 2162 futilis,
959 2118 1036 2155 ictu

200 2182 373 2221 Dissiluit
391 2199 400 2221 ε
433 2183 531 2221 fulva
551 2185 782 2234 resplendent
804 2185 985 2236 fragmina
1005 2200 1122 2224 arena.

202 2248 308 2301 Ergo
328 2264 448 2288 amens
468 2252 607 2289 diversa
627 2251 715 2303 fuga
736 2252 832 2302 petit
851 2266 1009 2304 aequora
1030 2254 1204 2304 annus5
