1455 2685
169 344 320 381 v.=355.
475 339 779 378 AENEIDOS
836 339 960 376 VIII.
1155 341 1230 377 109

183 453 293 491 Haec
313 453 385 490 duo
406 461 590 503 praeterea
610 451 770 504 disjectis
790 450 928 500 oppida
947 450 1071 493 muris,

185 519 375 570 Reliquias
395 528 631 568 veterumque
653 518 751 554 vides
772 526 1006 553 monumenta
1026 517 1195 553 virorum.

184 587 296 624 Hauc
317 587 428 624 Janus
447 596 564 635 pater,
585 585 677 621 hanc
700 585 879 621 Saturnus
899 584 1065 620 condidit
1087 598 1231 620 arcem:

182 653 389 692 Janiculum
409 651 509 695 huic,
529 651 578 687 illi
601 651 717 687 fuerat
740 650 912 688 Saturnia
932 664 1074 687 nomen.

236 718 393 758 Talibus
414 719 507 755 inter
527 731 563 755 se
583 717 691 754 dictis
710 718 756 754 ad
776 725 876 754 tecta
896 717 1066 754 subibant

185 785 361 836 Pauperis
383 784 560 828 Evandri,
590 785 795 834 passimque
816 793 977 820 armenta
997 783 1165 821 videbant

188 853 430 902 Romanoque
451 851 531 888 foro
551 860 589 887 et
608 850 715 887 lautis
737 850 876 901 mugire
898 852 1048 889 Carinis.

189 920 248 958 Ut
270 931 418 956 ventum
437 919 483 955 ad
503 918 602 955 sedes
621 933 630 962 ;
654 918 776 962 Haec,
796 918 928 967 inquit,
950 917 1071 954 limina
1091 917 1207 955 victor

185 986 342 1025 Alcides
362 985 472 1023 subiit
489 1001 499 1030 3
528 985 616 1021 haec
637 984 738 1021 illum
759 986 857 1036 regia
877 984 986 1034 cepit.

189 1053 319 1096 Aude,
340 1053 483 1102 hospeS,
504 1062 735 1090 contemnere
754 1066 856 1102 opes,
877 1062 914 1088 et
935 1061 969 1088 te
991 1066 1137 1102 quoque
1158 1051 1240 1103 dig-

187 1119 304 1170 Finge
325 1119 392 1156 deo
411 1134 421 1164 ;
443 1117 625 1169 rebusque
648 1119 725 1156 veni
747 1133 816 1155 non
838 1132 940 1168 asper
959 1119 1093 1170 egenis.
1129 1122 1238 1169 [num

185 1187 299 1224 Dixit
317 1203 328 1233 3
349 1196 383 1224 et
406 1187 552 1238 angusti
572 1187 697 1223 subter
716 1185 861 1237 fastigia
881 1187 972 1223 tecti

188 1254 383 1305 Ingentem
404 1254 559 1291 Aenean
581 1254 702 1297 duxit,
732 1253 926 1303 stratisque
947 1252 1080 1290 locavit

188 1320 374 1362 Effultum
393 1320 488 1357 foliis
507 1329 545 1357 et
565 1319 660 1369 pelle
681 1319 890 1370 Libystidis
911 1334 1024 1358 ursae.

187 1389 275 1427 Nox
297 1388 385 1433 ruit,
412 1396 450 1425 et
470 1387 582 1424 fuscis
601 1386 768 1424 tellurem
788 1387 1022 1436 amplectitur
1041 1387 1118 1426 alis.

222 1456 285 1493 At
297 1456 437 1501 Venus,
450 1455 547 1492 haud
563 1452 682 1491 animo
697 1454 942 1503 nequidquam
961 1454 1150 1498 exterrita,
1170 1468 1243 1492 ma-

187 1521 490 1572 Laurentumque
510 1521 614 1560 minis
634 1529 671 1558 et
692 1522 783 1558 duro
805 1529 903 1558 mota
924 1521 1100 1566 tumultu,
1149 1525 1241 1572 [ter,

188 1587 394 1626 Volcanum
408 1587 607 1638 alloquitur
622 1603 633 1634 ;
649 1588 883 1638 thalamoque
897 1588 985 1625 haec
999 1589 1165 1640 conjugis
1181 1601 1243 1625 au-

188 1654 341 1705 Incipit,
361 1665 399 1692 et
419 1654 528 1692 dictis
547 1655 707 1692 divinum
727 1655 886 1706 adspirat
907 1668 1064 1692 amorem
1083 1671 1092 1693 :
1156 1657 1242 1706 [reo

187 1721 294 1759 Dum
313 1721 411 1759 bello
430 1721 607 1774 Argolici
627 1723 814 1760 vastabant
835 1722 1011 1773 Pergama
1031 1736 1135 1773 reges

189 1788 349 1833 Debita,
369 1802 586 1839 casurasque
605 1789 758 1827 inimicis
778 1789 923 1843 ignibus
943 1803 1067 1835 arces;

190 1855 276 1893 Non
295 1854 408 1893 ullum
429 1855 602 1894 auxilium
621 1856 772 1901 miseris,
802 1870 872 1894 non
893 1870 991 1893 arma
1010 1858 1134 1908 rogavi

188 1921 298 1960 Artis
318 1923 472 1973 opisque
493 1932 604 1970 tuae;
633 1938 699 1962 nec
721 1933 771 1968 te,
799 1925 980 1961 carissime
999 1927 1175 1976 conjunx,

189 1989 420 2027 Incassumve
440 1999 524 2027 tuos
545 1991 641 2028 volui
661 2006 829 2029 exercere
857 1991 997 2028 labores
1016 2008 1024 2026 :

189 2057 366 2105 Quamvis
384 2066 421 2094 et
444 2058 574 2095 Priami
595 2059 763 2096 deberem
784 2058 937 2109 plurima
959 2059 1064 2104 natis,

189 2121 244 2160 Et
265 2123 395 2161 durum
417 2125 567 2163 Aeneae
589 2125 760 2162 flevissem
782 2139 886 2176 saepe
906 2126 1080 2163 laborem.

190 2189 300 2227 Nunc
320 2190 420 2228 Jovis
440 2190 600 2242 imperiis
624 2192 847 2230 Rutulorum
870 2193 1037 2230 constitit
1058 2192 1129 2229 oris
1148 2208 1158 2230 :

191 2255 297 2308 Ergo
316 2258 441 2300 eadem
459 2259 615 2310 supplex
634 2260 750 2305 venio,
769 2269 804 2297 et
827 2270 988 2298 sanetum
1004 2261 1089 2297 milii
1111 2275 1238 2302 numen
