1455 2685
172 340 206 367 v.
223 332 313 368 299.
472 327 772 366 AENEIDOS
830 328 905 365 XI.
1143 326 1217 366 197

174 441 400 490 vicinaeque
421 439 579 478 fremunt
599 442 697 490 ripae
711 438 974 489 crepitantibus
993 438 1111 475 undis.

176 507 236 544 Ut
256 506 410 556 primum
427 506 561 556 placati
580 506 701 549 animi,
720 513 757 541 et
777 504 920 553 trepida
938 518 1000 540 ora
1020 505 1190 554 quierunt
1207 520 1219 551 ;

175 571 363 610 Praefatus
383 572 497 615 divos,
517 571 607 608 solio
627 584 688 608 rex
707 570 788 607 infit
807 570 851 606 ab
871 569 947 607 alto
966 585 975 607 :

227 640 335 676 Ante
354 639 522 689 equidem
543 651 681 675 summa
700 637 745 673 de
765 650 801 673 re
822 636 1002 681 statuisse,
1028 637 1168 682 Latini,

176 705 232 742 Et
250 704 389 748 vellem,
408 713 446 741 et
466 703 584 741 fuerat
604 703 755 747 melius;
784 717 854 739 non
869 712 1033 753 ternpore
1053 704 1116 741 tali

174 770 322 821 Cogere
341 770 549 813 concilium,
568 784 652 806 curn
671 783 793 806 muros
812 769 944 806 assidet
963 770 1092 807 hostis.

175 836 320 874 Bellum
339 836 603 885 importunum,
622 836 730 880 cives,
750 849 833 872 cum
854 845 963 886 gente
979 836 1144 881 deorum,

183 902 408 952 Invictisque
428 902 526 947 viris,
545 902 717 953 gerimus,
738 915 830 950 quos
850 900 947 937 nulla
966 900 1126 952 fatigant

175 968 331 1012 Proelia,
353 982 418 1005 nec
438 967 525 1007 victi
545 976 698 1017 possunt
717 967 889 1004 absistere
908 967 1018 1005 ferro.

176 1037 302 1085 Spem,
322 1036 349 1072 si
369 1049 477 1085 quam
493 1034 638 1071 adscitis
655 1033 837 1071 Aetolum
852 1034 1028 1072 habuistis
1047 1036 1081 1072 in
1103 1036 1221 1082 armis,

176 1103 309 1140 Ponite
327 1117 336 1140 :
359 1116 440 1152 spes
453 1101 519 1138 sibi
535 1101 688 1151 quisque
703 1116 712 1138 :
734 1101 810 1145 sed,
825 1101 914 1138 haec
930 1115 1037 1151 quam
1053 1113 1221 1154 angusta,

175 1170 308 1208 Cetera
328 1183 399 1219 qua
419 1183 535 1206 rerum
551 1170 694 1221 jaceant
706 1167 871 1217 perculsa
882 1169 996 1214 ru‘ina,
1056 1170 1220 1220 [videtis.

175 1238 281 1275 Ante
301 1235 429 1273 oculos
448 1235 614 1285 interque
633 1249 758 1272 manus
777 1244 862 1272 sunt
881 1236 1000 1272 omnia
1019 1245 1166 1275 vestras.

175 1304 257 1342 Nec
278 1316 497 1353 quemqnam
516 1303 641 1339 incuso
657 1317 665 1339 :
688 1302 811 1352 potuit
826 1316 918 1352 quae
933 1303 1089 1353 plurima
1108 1304 1221 1343 virtus

175 1370 282 1414 Esse,
300 1369 371 1406 fuit
389 1385 398 1408 ε
428 1377 510 1406 toto
530 1378 710 1406 certatum
730 1378 784 1406 est
806 1382 961 1419 corpore
983 1372 1099 1421 regni.

173 1437 284 1476 Nunc
305 1436 409 1479 adeo,
430 1449 521 1486 quae
542 1436 588 1473 sit
608 1435 737 1473 dubiae
758 1436 933 1472 sententia
953 1437 1078 1481 menti,

174 1504 393 1554 Expedfflm,
413 1512 450 1541 et
469 1503 592 1553 paucis
622 1503 777 1554 (animos
796 1502 986 1554 adhibete)
1010 1504 1166 1543 docebo,

175 1571 247 1609 Est
267 1571 438 1620 antiquus
457 1583 543 1620 ager
563 1570 692 1606 Tusco
712 1569 798 1605 mihi
818 1570 1004 1619 proximus
1023 1572 1129 1616 amni,

174 1638 347 1688 Longus,
366 1637 401 1673 in
420 1649 604 1679 occasum,
626 1636 706 1672 finis
723 1650 832 1685 super
851 1650 966 1686 usque
989 1637 1138 1676 Sicanos
1155 1653 1166 1676 :

174 1703 347 1742 Aurunci
372 1702 575 1752 Rutulique
596 1711 733 1746 serunt,
753 1711 790 1739 et
811 1716 956 1739 vomere
977 1703 1085 1740 duros

175 1770 361 1810 Exercent
381 1768 497 1814 collis,
516 1778 626 1819 atque
646 1769 774 1806 horum
794 1769 987 1818 asperrima
1006 1782 1175 1818 pascunt.

176 1837 284 1874 Haec
302 1835 418 1873 omnis
437 1835 552 1887 regio,
573 1844 610 1873 et
630 1835 715 1872 celsi
735 1835 846 1887 plaga
865 1836 970 1885 pinea
990 1838 1135 1883 montis,

175 1904 296 1956 Cedat
314 1902 490 1940 amicitiae
509 1901 743 1940 Teucrorum
760 1917 770 1947 ;
800 1912 837 1939 et
857 1902 1010 1940 foederis
1026 1918 1157 1954 aequas

175 1968 354 2007 Dicamus
373 1968 485 2020 lege8‚
515 1969 707 2019 sociosque
726 1969 760 2005 in
777 1983 888 2019 regna
908 1984 1099 2008 vocemus:

175 2035 389 2081 Considant‚
418 2035 446 2072 si
467 2044 589 2073 tantus
609 2049 722 2081 amor,
742 2045 778 2073 ct
800 2036 939 2073 moenia
959 2037 1135 2087 condant..

177 2101 241 2138 Sin
261 2100 348 2139 alios
367 2101 445 2138 sinis
465 2101 641 2152 aliamque
661 2115 844 2152 capessere
864 2112 1011 2153 gentem

180 2167 251 2215 Est
271 2167 422 2212 animus,
442 2179 672 2219 poscuntque
694 2168 770 2205 solo
791 2169 962 2206 decedere
978 2179 1100 2208 nostro
1118 2186 1128 2216 ς

179 2232 243 2286 Eis
262 2234 370 2272 denas
391 2234 487 2285 Italo
508 2243 673 2273 texamus
692 2235 822 2273 robore
843 2235 952 2280 navis,
