1455 2685
186 295 220 320 v.
237 282 301 323 47.
503 279 803 320 AENEIDOS
860 282 933 321 VI.
1185 286 1236 322 35

186 381 294 417 Ante
313 379 420 424 fores,
449 380 570 418 subito
591 394 660 417 non
681 380 813 424 voltus,
834 394 904 417 non
924 381 1026 418 color
1046 395 1151 427 unus,

188 447 274 485 Non
294 456 435 484 comtae
455 460 612 484 mansere
641 445 765 484 comae
783 461 792 484 ε
823 447 886 485 sed
905 457 1032 497 pectus
1051 449 1230 494 anhelum,

190 515 242 552 Et
263 515 359 552 rabie
378 514 452 551 fera
471 515 581 551 corda
601 523 741 551 tument
758 529 768 558 ς
798 516 981 565 majorque
1001 515 1124 558 videri,

188 580 268 618 Nec
289 580 438 617 mortale
456 594 583 617 sonans
599 595 609 624 ς
638 578 757 617 afflata
775 588 830 616 est
850 580 994 617 numine
1013 581 1159 630 quando

187 647 269 684 Jam
288 647 457 696 propiore
477 646 546 684 dei.
576 648 704 685 Cessas
723 646 758 682 in
779 656 863 684 vota
883 660 1093 696 precesque,

187 713 299 759 Tros,
312 713 374 757 ait,
388 713 538 751 Aenea?
553 714 690 751 cessas?
706 727 822 763 neque
836 715 930 750 enim
946 724 1028 751 ante
1045 714 1232 751 dehiscent

188 780 388 818 Attonitae
405 793 534 831 magna
553 793 617 817 ora
635 780 775 818 domus.
807 781 874 824 Et,
894 781 979 818 talia
998 780 1087 826 fata,

188 847 390 885 Conticuit.
420 847 577 885 Gelidus
597 847 753 884 Teucris
773 861 838 897 per
856 847 946 884 dura
964 848 1125 886 cucurrit

189 912 285 951 Ossa
303 922 450 958 tremor,
471 913 665 963 funditque
680 927 804 964 preces
819 928 881 951 rex
902 924 1050 964 pectore
1068 916 1112 952 ab
1133 915 1205 952 imo
1220 932 1229 954 :

240 979 402 1023 Phoebe,
422 980 539 1031 gravis
559 980 694 1033 Trojae
715 994 854 1031 semper
868 981 1032 1018 miserate
1052 981 1206 1027 labores,

142 1090 145 1093 v
187 1047 361 1085 Dardana
381 1047 441 1096 qui
463 1047 602 1084 Paridis
621 1048 754 1085 direxti
772 1047 844 1084 tela
863 1061 1058 1098 manusque

187 1114 332 1163 Corpus
350 1113 384 1150 in
407 1113 594 1151 Aeacidae
611 1130 620 1159 ;
650 1127 798 1166 magnas
816 1114 989 1153 obeuntia
1016 1123 1127 1152 terias

186 1179 267 1217 Tot
286 1180 395 1216 maria
413 1180 556 1225 intravi,
584 1180 675 1219 duce
704 1190 754 1224 te,
784 1180 998 1231 penitusque
1018 1189 1178 1230 repostas

187 1246 389 1298 Massylum
409 1248 542 1298 gentis,
571 1258 831 1298 praetentaque
852 1249 1024 1298 Syrtibus
1043 1261 1125 1284 arva
1141 1264 1152 1294 ς

185 1315 266 1352 Jam
284 1315 429 1351 tandem
452 1314 578 1351 Italiae
596 1313 771 1365 fugientis
791 1315 998 1364 prendimus
1018 1328 1111 1353 oras.

186 1382 274 1419 Hac
294 1381 457 1433 Trojana
475 1390 582 1418 tenus
600 1380 710 1419 fuerit
734 1382 897 1419 Fortuna
918 1391 1054 1420 secuta.

186 1449 267 1486 Vos
287 1462 433 1498 quoquc
455 1448 672 1499 Pergameae
688 1450 761 1499 jam
782 1447 835 1485 fas
850 1458 904 1485 est
926 1462 1071 1498 parcere
1091 1449 1208 1500 genti,

187 1516 317 1566 Dique
333 1516 493 1565 deaeque
508 1528 644 1558 omnes,
665 1515 797 1564 quibus
811 1514 955 1551 obstitit
979 1514 1100 1558 Ilium,
1127 1525 1162 1552 et
1183 1516 1236 1552 in-

189 1582 319 1621 Gloria
333 1581 553 1620 Dardaniae.
568 1583 747 1631 Tuque‚o
761 1580 980 1618 sanctissima
992 1585 1104 1622 vates!
1130 1585 1233 1635 [gens

189 1648 354 1686 Praescia
374 1648 529 1692 venturi,
547 1648 604 1690 da,
626 1662 696 1685 non
716 1647 875 1684 indebita
894 1662 1006 1698 posco

190 1715 323 1766 Regna
341 1714 427 1752 meis
442 1714 538 1760 fatis,
560 1715 670 1753 Latio
687 1714 872 1752 considere
892 1716 1074 1760 Teucros,

189 1781 428 1831 Errantisque
448 1781 548 1825 deos,
567 1781 778 1831 agitataque
797 1780 942 1818 numina
962 1782 1108 1833 Trojae.

188 1847 290 1886 Tum
305 1835 456 1886 Phoebo
468 1857 504 1886 et
517 1846 665 1884 Triviae
678 1847 793 1884 solido
806 1848 850 1885 de
866 1861 1042 1885 marmore
1056 1847 1234 1898 templum

190 1914 399 1959 Instituam,
426 1914 612 1963 festosque
631 1913 706 1950 dies
726 1915 770 1950 de
790 1914 933 1951 nomine
955 1914 1108 1952 Phoebi.

189 1980 249 2019 Te
268 1994 414 2030 quoqne
434 1993 563 2031 magna
576 1989 719 2017 manent
735 1980 855 2031 regnis
868 1980 1065 2030 penetralia
1079 1980 1208 2018 nostris
1223 1994 1231 2017 ε

190 2046 268 2085 Hic
288 2061 358 2098 ego
378 2059 531 2096 namque
550 2054 631 2083 tuas
652 2046 772 2090 sortis,
791 2060 991 2098 arcanaque
1012 2047 1100 2093 fata,

189 2113 306 2152 Dicta
324 2127 421 2151 meae
441 2113 557 2164 genti,
577 2126 721 2163 ponam,
750 2113 938 2164 lectosque
967 2116 1129 2159 sacrabo,

189 2178 316 2227 Alma,
336 2179 442 2217 viros.
475 2179 586 2218 Foliis
607 2189 750 2217 tantum
772 2195 814 2218 ne
835 2182 991 2220 carmina
1012 2182 1155 2226 manda,

673 2245 763 2283 ΕΩ
