1455 2685
209 353 244 378 v.
265 342 352 377 104.
529 336 834 375 AENEIDOS
893 339 944 376 X.
1194 343 1266 381 157

207 451 390 501 Accipite
409 463 499 501 ergo
519 449 647 486 animis
662 460 773 499 atque
790 449 880 486 haec
902 464 979 487 mea
1000 451 1104 501 figite
1123 452 1236 489 dicta.

206 517 517 569 Quandoquidem
538 516 728 555 Ausonios
745 517 919 568 conjungi
941 516 1086 554 foedere
1107 518 1264 555 Teucris

205 587 324 626 Haud
343 585 497 630 licitum,
518 599 583 622 nec
604 593 722 621 vestra
742 584 840 634 capit
862 585 1040 622 discordia
1062 586 1167 622 finem
1184 603 1194 630 ;

205 654 312 703 Quae
331 653 465 703 cuique
483 662 538 690 est
560 651 708 688 fortuna
727 651 851 696 hodie,
866 665 975 701 quam
992 652 1147 702 quisque
1162 662 1260 690 secat

420 733 536 769 spem,

202 785 303 825 Tros
327 785 534 824 Rutulusve
555 785 649 830 fuat,
670 785 769 822 nullo
790 785 994 823 discrimine
1013 786 1158 823 habebo
1176 803 1186 826 :

204 854 279 891 Seu
298 853 384 890 fatis
406 852 542 890 Italum
563 861 679 889 castra
699 852 888 888 obsidione
912 861 1097 897 tenentur,

203 919 288 958 Sive
307 934 428 957 errore
449 919 544 956 malo
565 920 714 970 ijae,
741 919 961 968 monitisque
986 919 1149 957 sinistris.

202 987 284 1025 Nec
309 985 474 1024 Rutulos
494 986 608 1022 solvo.
642 986 717 1023 Sua
736 986 870 1036 cuique
894 999 1024 1023 exorsa
1047 985 1208 1023 laborem

203 1053 478 1104 Fortunamque
499 1052 642 1090 ferent:
665 1066 728 1089 rex
750 1052 1085 1102 Jupiter·0mnibus
1105 1053 1200 1090 idem
1218 1068 1228 1091 ε

203 1121 297 1159 Fata
317 1121 410 1157 viam
429 1120 623 1157 invenient.
657 1120 781 1170 Stygii
802 1134 867 1170 per
887 1119 1034 1156 flumina
1053 1119 1187 1164 fratris,

201 1187 274 1226 Per
294 1189 374 1238 pice
394 1188 580 1231 torrentis,
602 1195 752 1237 atraque
774 1187 960 1238 voragine,
986 1187 1096 1236 ripas,

199 1255 362 1298 Annuit,
391 1263 427 1291 et
448 1263 570 1291 totum
591 1263 682 1290 nutu
698 1253 904 1290 tremefecit
926 1253 1146 1303 Olympum.

200 1320 281 1358 Hic
301 1321 380 1358 finis
400 1320 512 1358 fandi.
545 1321 646 1358 Solio
667 1331 747 1358 tum
766 1321 914 1370 Jupiter
933 1334 1041 1357 aureo

202 1388 348 1439 Surgit,
368 1387 564 1425 coelicolae
585 1388 744 1424 medium
765 1401 873 1437 quem
894 1388 939 1424 ad
957 1387 1077 1424 limina
1097 1388 1252 1426 ducunt.

254 1455 401 1492 Interea
424 1454 557 1492 Rutuli
577 1455 692 1505 portis
713 1454 850 1491 circum
871 1455 1040 1492 omnibus
1063 1456 1201 1492 instant

201 1521 370 1560 Sternere
390 1522 500 1559 caede
521 1522 630 1565 viros,
650 1530 687 1558 et
709 1521 848 1558 moenia
868 1522 1013 1573 cingere
1035 1522 1211 1562 flammis:

197 1589 260 1626 At
279 1587 376 1639 legio
395 1588 616 1625 Aeneadum
639 1588 737 1624 vallis
754 1590 900 1625 obsessa
919 1599 1064 1625 tenetur
1082 1605 1092 1634 ;

198 1655 280 1694 Nec
303 1669 385 1705 spes
405 1654 478 1692 ulla
497 1654 618 1706 fugae.
653 1655 780 1693 Miseri
802 1664 898 1692 stant
920 1655 1081 1692 turribus
1101 1654 1182 1692 altis

198 1722 473 1772 Nequidquam,
493 1731 529 1759 et
551 1736 628 1759 rara
649 1736 771 1759 muros
791 1722 937 1760 cinxere
957 1736 1104 1766 corona,

196 1788 315 1827 Asius
338 1789 571 1833 Imbrasides,
594 1789 914 1839 Hicetaoniusque
935 1788 1181 1839 Thymoetes,

196 1855 445 1906 Assaracique
460 1856 547 1901 duo,
563 1865 600 1894 et
621 1856 740 1894 senior
754 1871 837 1894 cum
854 1857 1010 1895 Castore
1031 1856 1251 1906 Thymbris,

197 1922 320 1961 Prima
339 1923 445 1960 acies.
478 1923 565 1961 Hos
585 1925 748 1975 germani
771 1924 991 1974 Sarpedonis
1011 1923 1132 1967 ambo,

197 1989 252 2027 Et
273 1989 402 2028 Clarus
421 1999 459 2028 et
479 1991 666 2035 Themon‚
691 1992 811 2042 Lycia
831 1991 1055 2028 comitantur
1074 1990 1118 2026 ab
1139 1989 1222 2027 alta.

197 2055 287 2093 Fert
307 2057 449 2108 ingens,
469 2066 553 2095 toto
573 2060 751 2096 connixus
773 2071 942 2108 corpore,
964 2070 1103 2100 saxum,

197 2122 317 2161 Haud
336 2133 477 2173 partem
497 2126 669 2177 exiguam
685 2127 832 2170 montis,
850 2126 1071 2175 Lyrnessius
1090 2124 1252 2169 Acmon,

197 2189 278 2228 Nec
303 2189 432 2240 Clytio
453 2193 618 2243 genitore
639 2194 769 2238 minor,
783 2207 847 2230 nec
868 2192 978 2229 fratre
996 2190 1223 2230 Menestheo.

199 2255 255 2295 Hi
271 2257 414 2307 jaculis,
434 2258 485 2296 issi
504 2268 646 2300 certant
667 2260 862 2298 defendere
882 2258 988 2304 εῑικίε,

254 2323 373 2365 ΤοΜ.
396 2325 453 2365 ΙΙ.
726 2328 766 2368 U
799 2330 820 2364 3
