1455 2685
218 299 301 346 {336
517 303 817 345 AENEIDOS
875 306 975 344 XII.
1141 320 1175 344 v.
1189 309 1281 349 4641,

231 411 319 462 Ipse
338 428 454 465 neque
473 429 614 454 aversos
635 418 808 469 dignatur
827 427 984 455 sternere
1004 418 1112 455 morti
1130 434 1141 464 ;

229 479 311 518 Nee
330 483 423 531 pede
442 497 657 535 congressos
677 499 808 535 aequo,
829 500 894 523 nec
915 486 987 523 tela
1011 485 1173 532 ferentis,

229 546 467 598 Insequitur:
490 550 606 587 solum
626 552 734 588 densa
753 553 789 588 in
811 552 965 603 caligine
985 552 1158 590 Turnum

228 613 402 667 Vestigat
421 616 591 662 lustrans,
612 618 729 655 solum
749 618 784 655 in
805 620 1002 656 certamina
1019 620 1156 670 poscit.

281 681 374 720 Hoc
393 697 569 721 concussa
587 694 687 722 metu
708 696 878 730 mentem,
899 687 1056 724 Juturna
1074 687 1201 738 virago

225 749 414 800 Aurigam
434 750 554 789 Turni
575 753 693 790 media
712 754 807 790 inter
825 754 902 791 lora
922 753 1125 791 Metiscum

227 815 390 855 Excutit
408 834 418 862 ;
447 826 498 863 et,
518 818 628 870 longe
649 818 789 869 lapsum
809 829 967 865 temone,
989 820 1160 871 relinquit
1178 835 1187 859 :

226 883 317 934 Ipsa
336 884 449 929 subit,
477 885 716 936 manibusque
735 887 906 924 undantis
927 888 1043 925 flectit
1064 888 1235 932 habenas,

227 952 372 990 Cuncta
392 967 534 1003 gerens,
556 967 769 1003 vocemque,
789 963 826 990 et
847 968 994 1004 corpus,
1015 963 1053 991 et
1072 968 1184 999 arma,
1199 955 1283 993 Me-

225 1018 346 1070 Nigra
359 1020 457 1057 velut
470 1034 618 1071 magnas
634 1020 771 1056 domini
788 1034 871 1057 cum
889 1021 1011 1058 divitis
1026 1022 1123 1059 aedi-3
1161 1023 1279 1074 [tisci.

227 1085 414 1130 Pervolat,
442 1095 479 1123 et
499 1086 625 1136 pennis
645 1086 719 1124 alta
739 1087 831 1124 atria
850 1087 998 1132 lustrat,
1014 1089 1187 1134 hirundo,

227 1151 369 1190 Pabula
390 1167 500 1206 parva
518 1152 658 1205 legens,
679 1153 845 1205 nidisque
864 1152 1082 1205 loquacibus
1102 1170 1227 1203 escas;

225 1220 279 1270 Et
303 1234 397 1258 nunc
417 1221 621 1271 porticibus
642 1221 777 1265 vacuis,
798 1236 894 1260 nunc
914 1222 1063 1260 humida
1087 1224 1226 1262 circum

226 1288 382 1339 Stagna,
403 1297 507 1326 sonat
526 1303 535 1325 :
559 1287 681 1325 similis
702 1288 840 1325 medios
859 1290 1017 1327 Juturna
1038 1304 1103 1340 per
1121 1290 1238 1328 ho'stis

225 1354 361 1393 Fertur
378 1355 494 1406 equis,
515 1355 719 1405 rapidoque
739 1355 862 1392 volans
877 1356 956 1393 obit
976 1358 1095 1393 omnia
1115 1372 1223 1395 curru
1242 1374 1252 1397 ε

225 1421 448 1472 Jamquehic
461 1422 1281 1473 germanum,jamquehic,ostentatovantem;

224 1489 306 1527 Nec
326 1489 492 1527 conferre
512 1502 659 1527 manum
680 1489 820 1538 patitur
837 1504 846 1527 :
870 1490 967 1527 volat
988 1491 1063 1527 avia
1082 1490 1206 1543 longe.

225 1555 344 1603 Haud
364 1556 480 1605 minus
500 1557 648 1602 Aeneas
669 1563 788 1592 tortos
807 1554 900 1606 legit
920 1556 1049 1594 obvius
1069 1557 1180 1602 orbis,

221 1623 472 1674 Vestigatque
492 1623 620 1667 virum,
641 1632 693 1667 et,
713 1622 863 1673 disjecta
884 1637 949 1673 per
967 1624 1124 1675 agmina,
1149 1638 1281 1677 magna

221 1691 329 1729 Voce
350 1698 468 1727 vocat.
501 1689 659 1739 Quoties
679 1689 806 1727 oculos
827 1691 984 1741 conjecit
1003 1691 1037 1727 in
1058 1691 1215 1737 hostem,

221 1758 502 1809 Alipedumque
522 1756 648 1808 fugam
668 1771 778 1794 cursu
797 1757 954 1794 tentavit
973 1771 1152 1807 equorum
1169 1775 1181 1806 ;

221 1826 387 1873 Aversos
407 1823 518 1862 toties
538 1837 665 1860 currus
685 1824 844 1861 ,Iuturna
864 1825 1026 1862 retorsit.

222 1893 333 1931 Heu!
358 1891 448 1942 quid
462 1900 548 1942 agat
567 1891 579 1929 ?
599 1890 696 1927 vario
717 1891 965 1941 nequidquam
987 1890 1142 1928 fluctuat
1155 1901 1278 1943 aestu3¹

221 1961 475 2010 Diversaeque
495 1966 628 1995 vocant
648 1958 807 1994 animum
828 1959 862 1993 in
884 1957 1065 1994 contraria
1086 1972 1207 1997 curae.

221 2028 330 2076 Huic
351 2026 561 2076 Messapus,
580 2023 636 2062 uti
655 2023 755 2061 laeva
775 2024 848 2061 duo
869 2023 965 2061 forte
985 2024 1139 2075 gerebat

220 2096 360 2138 Lenta,
380 2093 465 2130 levis
485 2105 607 2136 cursu,
624 2091 784 2142 praefixa
804 2091 947 2128 hastilia
968 2090 1078 2135 ferro,

220 2163 373 2202 Horum
393 2174 505 2198 unum
524 2168 628 2197 certo
649 2170 898 2209 contorquens
919 2158 1045 2209 dirigit
1065 2159 1157 2197 ictu,

223 2228 399 2271 Substitit
419 2228 584 2274 Aeneas,
604 2235 642 2266 et
662 2241 698 2265 se
718 2225 870 2281 collegit
889 2226 924 2263 in
946 2239 1058 2273 arma,
