1455 2685
185 317 221 345 v.
239 307 303 347 75.
509 305 812 347 AENEIDOS
870 306 947 343 XI.
1167 308 1242 347 189

190 416 358 466 Fecerat,
377 426 416 454 et
434 417 534 454 tenui
555 417 645 454 telas
665 417 883 454 discreverat
902 430 1004 454 auro.

190 485 340 522 Harum
361 499 466 522 unam
482 484 606 536 juveni
626 497 836 534 supremum
862 493 1023 521 moestus
1042 483 1217 522 honorem

191 551 332 595 Induit,
353 565 563 601 arsurasque
584 564 705 589 comas
724 549 883 587 obnubit
904 550 1040 588 amictu
1058 566 1069 597 ;

191 617 389 668 Multaque
409 627 594 668 praeterea
614 617 813 656 Laurentis
832 617 991 668 praemia
1011 632 1158 669 pugnae

190 685 229 722 A
236 694 381 736 ggerat,
401 693 438 722 et
456 684 568 735 longo
588 684 759 734 praedam
774 684 881 734 jubet
900 684 1026 721 ordine
1047 685 1145 722 duci.

191 752 316 790 Addit
336 765 464 802 equos,
485 760 523 788 et
542 750 626 795 tela,
643 751 775 801 quibus
795 750 1011 800 spoliaverat
1031 751 1188 790 hostem.

191 819 371 856 Vinxerat
390 829 427 856 et
449 828 531 869 post
549 827 655 869 terga
670 831 809 862 manus,
827 831 919 867 quos
935 818 1097 856 mitteret
1111 819 1245 857 umbris

192 884 360 930 Inferias,
379 899 483 923 caeso
504 899 690 935 sparsuros
711 884 884 935 sanguine
904 884 1111 931 flammam3

194 951 424 1002 Indutosque
440 952 546 1004 jubet
566 960 717 989 truncos
737 950 934 988 hostilibus
954 951 1061 988 armis

194 1018 301 1068 Ipsos
320 1018 411 1056 ferre
431 1019 557 1064 duces,
577 1018 795 1068 inimicaque
815 1018 960 1055 nomina
979 1018 1058 1070 figi.

194 1086 361 1124 Ducitur
378 1086 519 1131 infelix,
539 1100 628 1123 aevo
649 1086 857 1131 confectus,
877 1086 1059 1131 Acoetes,

194 1155 351 1192 Pectora
369 1168 464 1191 nunc
480 1153 631 1190 foedans
645 1153 793 1204 pugniS,
814 1167 910 1191 nunc
924 1154 1109 1205 unguibus
1129 1168 1216 1202 ora;

196 1221 381 1262 Sternitur
400 1229 451 1265 ct,
470 1228 553 1258 toto
574 1222 761 1272 projectus
781 1234 951 1270 corpore,
971 1229 1102 1259 terrae.

195 1287 352 1325 Ducunt
373 1296 424 1331 et,
448 1287 593 1331 Rutulo
613 1286 781 1337 perfusos
798 1287 983 1337 sanguine,
999 1302 1138 1327 currus.

195 1355 285 1392 Post
305 1354 462 1391 bellator
479 1368 608 1404 equus,
629 1354 756 1404 positis
775 1354 990 1405 insignibus,
1011 1355 1168 1392 Aethon

196 1422 235 1458 It
253 1421 456 1470 lacrimans,
477 1420 668 1472 guttisque
688 1420 875 1458 humectat
895 1422 1093 1472 grandibus
1111 1436 1187 1461 ora.

195 1488 356 1526 Hastam
369 1488 442 1532 alii,
458 1486 682 1540 galeamque,
697 1486 841 1533 ferunt3
862 1501 943 1525 nam
959 1497 1079 1526 cetera
1095 1489 1247 1529 Turnus

195 1555 330 1592 Victor
341 1555 465 1592 habet.
479 1555 580 1592 Turn
592 1562 728 1591 moezta
742 1554 1131 1606 phalanx,Teucrique
1143 1571 1250 1608 sequ-

195 1621 455 1672 Tyrrhenique
470 1622 594 1666 duces,
609 1631 647 1658 et
660 1621 767 1658 versis
781 1621 949 1659 Arcades
961 1622 1079 1659 armis.
1100 1625 1248 1673 [untur,

197 1689 399 1739 Postquam
418 1688 533 1726 omnis
548 1688 658 1740 longe
678 1688 854 1726 comitum
870 1699 1096 1739 processerat
1115 1690 1221 1735 ordo,

197 1755 372 1794 Substitit
392 1755 554 1799 Aeneas,
574 1755 787 1807 gemituque
807 1756 897 1793 haec
916 1755 1057 1793 addidit
1076 1755 1151 1793 alto
1168 1772 1178 1795 ε

196 1822 278 1860 Nos
298 1821 383 1859 alias
403 1822 486 1860 hinc
506 1823 553 1860 ad
572 1822 734 1860 lacrimas
748 1823 873 1860 eadem
892 1822 1037 1859 horrida
1055 1822 1140 1860 belli

199 1888 292 1926 Fata
310 1897 455 1926 vocant.
488 1889 593 1928 Salve
605 1899 789 1927 aeternum
806 1890 893 1926 mihi
912 1892 919 1927 !
946 1890 1099 1927 maxime
1121 1890 1220 1928 Palla
1236 1906 1248 1937 ;

198 1955 480 2006 Aeternumque
499 1956 575 1993 vale
592 1958 600 1994 !
634 1956 715 1995 Nec
734 1956 839 2007 plura
857 1956 988 1993 effatus
1008 1957 1054 1994 ad
1074 1957 1169 1995 altos

198 2021 395 2061 Tendebat
416 2036 551 2068 muros,
570 2037 807 2075 gressumque
827 2023 861 2060 in
883 2034 1001 2061 castra
1021 2023 1174 2066 ferebat.

251 2089 406 2139 Jamque
424 2099 586 2127 oratores
605 2090 755 2128 aderant
775 2104 818 2128 ex
840 2091 929 2128 urbe
950 2090 1102 2137 Latina,

198 2154 324 2193 Velati
344 2156 448 2194 ramis
467 2156 580 2200 oleae,
600 2157 813 2208 veniamque
832 2166 1004 2209 rogantes
1022 2173 1033 2203 ;

199 2221 381 2273 Corpora,
402 2237 466 2275 per
484 2236 633 2275 campos
652 2224 748 2262 ferro
768 2239 860 2276 quae
879 2224 962 2264 fusa
975 2226 1160 2276 jacebant,
