1455 2685
172 263 246 298 100
433 259 734 298 AENEIDOS
791 261 912 298 VIII.
1067 276 1100 297 v.
1121 264 1211 304 103.

168 370 526 421 Amphitryoniadae
546 385 677 423 magno
697 371 858 421 divisque
887 371 1026 409 ferebat

167 437 274 474 Ante
294 437 417 473 urbem
436 437 471 473 in
491 437 588 475 luco.
621 437 737 475 Pallas
757 438 841 474 huic
862 437 955 474 filius
975 452 1057 482 una,

169 503 256 540 Una
275 517 398 540 omnes
411 507 582 555 juvenum
605 504 721 554 primi,
750 518 960 554 pauperque
981 515 1135 548 senatus,

166 569 273 608 Tura
292 571 425 607 dabant
444 585 454 615 ;
485 571 698 621 tepidusque
720 585 828 607 cruor
848 570 1010 608 fumabat
1030 572 1075 608 ad
1094 581 1183 609 aras.

167 636 227 675 Ut
246 637 356 675 celsas
376 636 494 673 videre
513 646 620 681 rates,
640 645 749 686 atque
769 637 864 674 inter
882 651 1037 687 opacum

165 702 296 740 Allabi
316 717 455 748 nemus,
474 711 511 739 et
529 703 650 740 tacitis
665 702 870 740 incumbere
891 704 995 741 remis
1013 720 1023 749 ;

165 768 371 806 Terrentur
388 769 465 806 visu
486 769 621 813 subito,
649 769 844 819 cunctique
865 769 998 807 relictis

164 835 403 886 Consurgunt
422 835 563 871 mensis.
593 834 733 871 Audax
755 849 847 884 quos
866 850 1032 886 rumpere
1055 837 1171 874 Pallas

165 902 278 938 Sacra
296 909 409 944 vetat,
437 911 616 950 raptoque
636 900 733 937 volat
763 901 835 938 telo
856 902 982 939 obvius
1001 902 1102 952 ipse;

164 967 220 1009 Et
239 967 367 1018 procul
387 982 406 1004 e
427 967 587 1005 tumulo:
615 968 788 1011 Juvenes‚
809 982 901 1017 quae
921 982 1045 1005 caussa
1065 970 1210 1021 subegit

164 1035 319 1085 Ignotas
338 1043 477 1071 tentare
499 1034 569 1070 vias
587 1035 599 1071 ?
628 1048 701 1083 quo
722 1034 898 1072 tenditis?
927 1035 1057 1084 inquit.

164 1102 241 1150 Qui
260 1114 376 1152 genus
393 1102 405 1139 ?
426 1101 519 1137 unde
534 1101 643 1136 domo
662 1100 674 1137 ?
695 1114 866 1149 pacemne
882 1100 953 1137 huc
970 1099 1084 1146 fertis,
1098 1115 1140 1138 an
1157 1116 1212 1138 ar-

162 1166 265 1208 Tum
284 1173 388 1217 pater
405 1167 554 1205 Aeneas
573 1167 691 1216 puppi
710 1166 760 1203 sic
775 1166 874 1203 fatur
893 1168 938 1204 ab
958 1166 1043 1213 alta,
1103 1171 1182 1219 [ma
1200 1169 1214 1207 ἓ

163 1233 423 1284 Paciferaeque
443 1247 550 1270 manu
570 1247 707 1270 ramum
728 1234 932 1282 praetendit
952 1234 1089 1272 olivae:

162 1299 394 1353 Trojugenas
421 1314 462 1337 ac
483 1300 554 1337 tela
575 1301 670 1337 vides
689 1299 834 1337 inimica
853 1301 1024 1346 Latinis;

162 1368 269 1417 Quos
288 1367 338 1404 illi
357 1366 454 1404 bello
474 1366 655 1417 profugos
674 1381 781 1417 egere
802 1367 973 1416 superbo.

161 1434 373 1474 Evandrum
392 1434 560 1483 petimus.
593 1434 702 1471 Ferte
723 1434 824 1477 haec,
844 1443 883 1469 et
902 1433 1011 1469 dicite
1031 1433 1146 1470 lectos

161 1501 370 1540 Dardaniae
390 1501 524 1537 venisse
545 1500 671 1544 duces,
692 1500 787 1536 socia
807 1513 904 1536 arma
928 1500 1102 1550 rogantis.

162 1567 384 1616 Obstupuit,
403 1575 508 1604 tanto
529 1579 719 1615 percussus
739 1566 895 1609 nomine,
918 1565 1034 1603 Pallas
1052 1581 1060 1603 :

161 1632 349 1683 Egredere
364 1647 386 1669 o
401 1635 408 1669 !
434 1633 655 1682 quicumque
671 1646 721 1676 es,
739 1632 803 1676 ait,
814 1646 1008 1682 coramque
1023 1642 1208 1682 parentem

158 1698 378 1749 Alloquere,
398 1712 439 1735 ac
459 1698 591 1735 nostris
610 1699 764 1735 succede
785 1698 976 1748 penatibus
995 1698 1126 1748 hospes
1143 1714 1152 1736 :

158 1765 393 1815 Excepitque
412 1778 532 1808 manu,
552 1764 791 1815 dextramque
807 1764 996 1814 amplexus
1016 1764 1178 1802 inhaesit.

160 1831 363 1882 Progressi,
383 1832 539 1868 subeunt
558 1830 655 1875 luco,
677 1830 898 1880 fluviumque
919 1830 1141 1879 relinquunt.

212 1899 313 1935 Tum
333 1912 455 1948 regem
475 1897 624 1935 Aeneas
645 1897 751 1934 dictis
773 1896 906 1933 affatur
925 1896 1046 1933 amicis
1063 1911 1072 1933 :

158 1965 311 2016 Optime
332 1965 598 2017 ijugenum,
616 1965 675 2002 cui
693 1979 747 2001 me
769 1965 932 2002 Fortuna
948 1963 1086 2014 precari

157 2033 213 2071 Et
233 2032 323 2069 vitta
342 2041 485 2069 comtos
505 2031 617 2068 voluit
638 2031 873 2081 praetendere
897 2044 1014 2067 ramos
1033 2046 1044 2076 ;
1111 2033 1207 2080 [cas,

157 2101 244 2139 Non
264 2098 428 2149 equidem
442 2097 607 2141 extimui,
629 2098 801 2136 Danaum
817 2097 917 2146 quod
930 2097 1064 2134 ductor
1078 2107 1116 2133 et
1133 2097 1209 2149 ᾼτ-

158 2167 344 2218 Quodque
356 2165 400 2205 ab
416 2165 526 2217 stirpe
542 2164 637 2204 fores
651 2164 803 2216 geminis
815 2168 1030 2216 conjunctus
1042 2163 1203 2206 Atridis:
