1455 2685
187 317 221 341 v.
237 303 329 344 772.
506 301 808 343 AENEIDOS
866 303 916 341 X.
1159 305 1229 342 181

189 413 458 465 Atque,oculis
466 413 621 464 spatium
635 414 1233 463 emensus,quantumsatishastae:

188 482 352 525 Dextra,
380 481 468 518 mihi
489 481 589 524 deus,
618 490 655 518 et
675 480 788 517 telum
808 480 907 530 quod
927 479 1056 517 missile
1075 480 1183 525 libro,

191 547 302 586 Nunc
319 547 437 584 adsint
455 563 464 585 ς
495 561 625 591 voveo,
647 546 836 597 praedonis
857 560 1009 596 corpore
1029 547 1141 596 raptis

191 614 369 651 Indumm
386 613 524 663 spoliis,
544 613 663 663 ipsum
683 621 733 657 te,
764 612 901 656 Lause,
929 622 1122 662 tropaeum

189 681 354 718 Aeneae.
409 679 522 718 Dixit
541 695 551 724 ;
581 679 865 728 stridentemque
885 679 1023 716 eminus
1043 679 1183 716 hastam

191 747 315 798 Injicit
333 761 342 784 :
373 746 434 783 illa
453 745 576 783 volans
596 745 716 796 clipeo
737 755 792 782 est
811 759 976 789 excussa,
1004 745 1209 796 proculque

190 813 398 865 Egregium
420 813 604 850 Antorem
623 812 717 849 latus
737 811 831 848 inter
850 821 887 848 et
908 811 967 848 ilia
988 811 1096 863 figit3

189 879 366 918 Herculis
387 881 569 917 Antorem
585 879 770 922 comitem,
793 879 870 928 qui,
892 879 1020 916 missus
1037 880 1082 916 ab
1104 879 1237 930 Argis,

194 945 380 983 Haeserat
402 946 588 991 Evandro,
616 956 727 996 atque
749 945 844 982 Itala
864 945 1078 983 consederat
1098 946 1199 983 urbe.

194 1013 382 1051 Sternitur
400 1013 523 1050 infelix
544 1013 659 1050 alieno
680 1012 836 1057 voluere,
865 1012 1080 1063 coelumque

192 1080 386 1130 Adspicit,
414 1088 453 1116 et
473 1079 588 1116 dulcis
609 1079 761 1116 moriens
782 1079 1023 1116 reminiscitur
1041 1080 1186 1130 Argos.

191 1146 291 1184 Tum
312 1147 394 1197 pius
414 1147 560 1184 Aeneas
580 1146 720 1184 hastam
738 1146 828 1197 jacit
848 1161 856 1184 :
889 1146 949 1183 illa
968 1160 1035 1196 per
1062 1147 1187 1183 orbem

190 1214 294 1250 Aere
313 1227 441 1250 cavum
462 1212 611 1263 triplici,
640 1227 706 1262 per
724 1212 817 1249 linea
837 1221 955 1263 terga,
985 1212 1188 1263 tribusque,

190 1278 368 1324 Transiit,
398 1280 581 1317 intextum
603 1279 716 1316 tauris
737 1293 844 1329 opus,
873 1280 1016 1329 imaque
1037 1280 1130 1316 sedit

192 1346 348 1398 Inguine
365 1362 376 1392 3
407 1347 469 1384 sed
490 1346 578 1384 vires
597 1346 696 1383 haud
716 1346 882 1397 pertulit.
943 1347 1061 1384 Ocius
1081 1360 1201 1384 ensem

192 1414 358 1459 Aeneas,
387 1413 462 1450 viso
484 1413 671 1464 Tyrrheni
692 1413 865 1465 sanguine
883 1413 1014 1458 laetus,

191 1480 318 1531 Eripit
340 1494 360 1517 a
380 1480 524 1524 femine,
553 1489 590 1517 et
612 1480 809 1530 trepidanti
829 1480 989 1517 fervidus
1010 1480 1133 1518 instat.

193 1548 383 1599 Ingemuit
403 1548 475 1584 cari
495 1547 657 1598 graviter
675 1546 853 1597 genitoris
873 1561 1009 1591 amore,

193 1615 252 1653 Ut
272 1615 376 1658 vidit,
406 1614 554 1652 Lausus
571 1630 580 1659 ;
611 1613 850 1664 lacrimaeque
869 1629 935 1664 per
952 1628 1017 1651 ora
1039 1614 1193 1651 volutae.

246 1680 326 1718 Hic
347 1681 471 1718 mortis
492 1680 602 1717 durae
621 1694 759 1725 casum,
788 1689 924 1730 tuaque
944 1680 1083 1730 optima
1105 1681 1214 1725 facta,

195 1747 234 1786 Si
255 1760 327 1797 qua
347 1747 455 1785 fidem
474 1757 579 1785 tanto
599 1757 655 1784 est
675 1748 776 1797 operi
797 1747 913 1784 latura
933 1757 1107 1791 vetustas,

193 1814 279 1852 Non
291 1815 473 1864 equidem,
490 1829 554 1852 uec
569 1824 619 1858 te,
630 1814 770 1867 juvenis
786 1815 1030 1858 memorande,
1061 1814 1186 1852 silebo.

247 1880 329 1926 Ille,
357 1881 486 1931 pedem
506 1879 677 1926 referens,
706 1890 744 1918 et
763 1880 914 1924 inutilis,
944 1880 1052 1931 inque
1073 1880 1225 1931 ligatus,

193 1948 372 1992 cedebat,
401 1947 595 1998 clipeoque
616 1948 802 1985 inimicum
822 1947 951 1985 hastile
972 1948 1153 1985 trahebat.

195 2014 370 2065 Prorupit
385 2015 539 2067 juvenis,
559 2028 707 2065 seseque
726 2014 923 2052 immiscuit
943 2015 1049 2052 armis
1066 2030 1076 2053 ε

188 2082 356 2132 vJamque
377 2081 596 2134 assurgentis
616 2082 757 2126 dextra,
786 2081 1001 2133 plagamque
1020 2081 1180 2126 ferentis,

195 2147 348 2185 Aeneae
368 2148 477 2186 subiit
499 2162 723 2194 mucronem,
752 2149 944 2199 ipsumque
964 2149 1139 2186 morando

200 2214 381 2254 Sustinuit
399 2231 407 2253 :
440 2215 526 2254 socii
547 2229 679 2268 magno
695 2215 851 2254 clamore
872 2225 1085 2267 sequuntur,
