1455 2685
217 316 272 352 94·
483 310 787 351 AENEIDOS
843 311 943 351 VII.
1125 328 1159 352 v.
1174 314 1266 357 772.

216 426 316 476 Ipse,
335 431 558 476 repertorem
578 424 777 462 medicinae
797 423 879 461 talis
897 434 936 462 et
955 424 1054 469 artis,

213 491 379 531 Fulmine
400 491 670 542 Phoebigenam
693 491 844 542 Stygias
863 492 1020 529 detrusit
1038 492 1073 528 in
1094 492 1220 532 undas.

212 559 274 596 At
294 558 421 595 Trivia
443 557 700 607 Hippolytum
721 559 867 595 secretis
883 558 975 596 alma
995 559 1162 597 recondit

214 625 382 669 Sedibus,
401 633 440 661 et
460 624 643 673 nymphae
666 624 824 676 Egeriae
843 626 1053 676 nemorique
1073 625 1211 677 relegat
1227 640 1236 663 :

212 691 320 730 Solus
339 690 402 728 ubi
421 691 456 727 in
476 689 571 727 silvis
596 691 701 728 Italis
728 692 902 743 ignobilis
921 706 1048 729 aevum

212 759 406 810 Exigeret‚
435 771 611 808 versoque
630 758 693 795 ubi
713 758 855 796 nomine
876 758 1027 796 Virbius
1051 768 1157 796 esset.

211 826 324 865 Unde
343 825 453 863 etiam
473 825 614 875 templo
634 824 796 870 Triviae,
824 825 990 876 lucisque
1010 827 1172 872 sacratis,

209 893 436 944 Cor-nipedes
455 901 626 929 arcentur
644 892 727 943 equi
747 908 758 938 ;
787 893 888 942 quod
908 892 1032 931 littore
1051 907 1210 939 currum,

209 960 265 998 Et
278 962 457 1011 juvenem,
485 958 655 996 monstris
675 958 795 1008 pavidi
815 958 976 996 effudere
1000 959 1155 998 marinis.

208 1025 323 1063 Filius
340 1024 498 1062 ardentis
516 1024 615 1062 haud
634 1024 750 1061 secius
770 1037 926 1074 aequore
946 1026 1066 1075 campi

209 1091 419 1129 Exercebat
439 1105 565 1141 equos,
594 1105 775 1141 curruque
794 1091 830 1127 in
851 1090 948 1128 bella
967 1092 1112 1129 ruebat.

262 1159 348 1208 Ipse
366 1158 461 1195 inter
479 1158 629 1208 primos,
649 1158 849 1208 praestanti
868 1171 1037 1208 corpore,
1066 1157 1217 1195 Turnus

205 1225 389 1269 Vertitur,
409 1238 506 1262 arma
526 1233 676 1270 tenens;
697 1233 733 1261 et
754 1233 838 1262 toto
857 1225 993 1262 vertice
1011 1238 1119 1275 supra
1138 1233 1207 1263 est.

205 1293 292 1337 Cui,
320 1292 456 1343 triplici
476 1291 605 1329 crinita
618 1292 723 1343 juba,
751 1290 855 1343 galea
873 1291 947 1329 alta
967 1292 1198 1330 Chimaeram

209 1359 386 1404 Sustinet,
415 1359 606 1397 Aetnaeos
624 1357 807 1395 efflantem
827 1358 996 1396 faucibus
1015 1359 1110 1410 ignis
1127 1375 1137 1397 ε

205 1427 303 1464 Tam
322 1427 439 1477 magis
457 1425 518 1462 illa
537 1425 706 1470 fremens,
725 1433 762 1462 et
783 1425 948 1462 tristibus
968 1423 1075 1462 effera
1095 1425 1259 1469 flammis,

206 1494 328 1543 Quam
350 1493 465 1544 magis
484 1491 601 1529 effuso
621 1492 839 1529 crudescunt
856 1492 1028 1543 sanguine
1049 1507 1204 1544 pugnae.

204 1560 266 1597 At
285 1559 398 1596 levem
418 1558 577 1609 clipeum
597 1558 749 1596 sublatis
769 1558 939 1596 cornibus
962 1560 1006 1596 Io

204 1627 316 1663 Auro
336 1626 547 1676 insignibat,
564 1627 638 1675 jam
658 1626 743 1662 setis
763 1626 895 1670 obsita,
911 1628 986 1677 jam
1004 1626 1086 1672 bos,

203 1692 483 1743 Argumentum
503 1692 643 1743 ingens,
672 1701 709 1730 et
730 1701 855 1729 custos
875 1692 1022 1744 virginis
1042 1694 1187 1744 Argus,

204 1758 426 1808 Caelataque
444 1772 584 1796 amnem
603 1758 758 1796 fundens
778 1768 883 1809 pater
904 1758 1062 1795 Inachus
1082 1771 1182 1796 urna.

207 1825 419 1875 Insequitur
438 1825 583 1862 nimbus
602 1825 781 1875 peditum,
801 1825 1028 1875 clipeataque
1049 1825 1138 1861 totis

203 1893 370 1944 Agmina
389 1893 586 1929 densantur
603 1892 753 1941 campis,
783 1891 1000 1943 Argivaque
1021 1892 1150 1942 pubes,

204 1960 479 2008 Auruncaeque
502 1972 640 2002 manus,
673 1958 819 2003 Rutuli,
840 1967 1050 2008 veteresque
1069 1959 1203 2003 Sicani,

205 2025 259 2062 Et
282 2027 459 2063 Sacranae
480 2026 587 2069 acies,
616 2034 667 2070 et,
688 2025 779 2075 picti
800 2034 916 2069 scuta,
938 2025 1073 2062 Labici
1093 2040 1101 2062 ε

205 2092 281 2142 Qui
301 2091 424 2136 saltus,
454 2092 643 2136 Tiberine,
663 2101 761 2138 tuos,
790 2105 1004 2142 sacrumque
1026 2091 1175 2129 Numici

204 2158 347 2203 Littus,
367 2167 483 2203 arant,
506 2159 739 2209 Rutulosque
759 2168 930 2197 exercent
951 2173 1092 2196 vomere
1112 2158 1229 2204 collis,

204 2225 468 2276 Circaeumque
482 2228 613 2278 jugum
629 2242 640 2273 ς
666 2230 748 2277 quis
767 2227 915 2277 Jupiter
934 2226 1116 2264 Anxurus
1136 2226 1228 2264 arvis
