1455 2685
169 302 205 326 v.
223 289 292 327 46.
504 285 807 324 AENEIDOS
864 286 914 323 V.

1206 288 1230 322 ω

166 400 330 438 Annuus
348 397 488 436 exactis
506 397 714 448 completur
732 398 915 435 mensibus
935 397 1049 450 orbis,

170 465 232 504 Ex
254 479 328 516 quo
347 464 513 515 reliquias
533 465 713 516 divinique
732 477 813 502 ossa
832 463 991 514 parentis

169 531 411 570 Condidimus
431 540 540 577 terra,
560 541 792 581 moestasque
813 530 1028 568 sacravimus
1051 542 1141 566 aras.

168 598 322 647 Jamque
337 597 426 642 dies,
441 597 476 634 ni
492 596 610 642 fallor,
631 597 747 641 adest,
767 611 874 647 quem
889 610 1030 647 semper
1040 596 1226 639 acerbum,

170 666 325 715 Semper
342 665 577 709 honoratum,
607 664 657 701 sic
677 664 714 701 di
737 662 900 701 voluistis
918 666 926 701 !
960 663 1118 702 habebo.

168 732 289 771 Hunc
309 745 381 783 ego
412 730 583 771 Gaetulis
608 744 754 782 agerem
776 730 803 767 si
826 731 997 780 Syrtibus
1016 729 1134 775 exsul,

167 798 400 850 Argolicove
420 798 509 835 mari
528 798 741 848 deprensus,
759 807 796 834 et
817 797 906 834 urbe
929 796 1139 847 Mycenae3

167 865 309 903 Annua
327 873 413 902 vota
433 873 568 908 tamen,
589 864 840 914 sollemnisque
859 863 985 900 ordine
1005 876 1173 913 pompas,

170 931 420 982 Exsequerer,
442 940 691 983 strueremque
711 931 783 968 suis
803 929 928 972 altaria
947 929 1065 966 donis.

170 998 282 1036 Nunc
301 997 399 1036 ultro
419 998 465 1035 ad
485 998 621 1035 cineres
640 998 766 1048 ipsius,
784 1006 822 1034 et
841 1010 934 1041 ossa,
954 996 1127 1047 parentis,

172 1063 291 1102 Haud
311 1064 481 1115 equidem
501 1064 574 1102 sine
589 1073 724 1109 mente,
738 1078 833 1107 reor,
849 1063 921 1100 sine
934 1063 1078 1100 numine
1091 1061 1227 1106 divom,

171 1129 378 1174 Adsumus,
397 1138 434 1166 et
454 1139 583 1180 portus
603 1129 713 1167 delati
733 1130 908 1167 intramus
927 1129 1075 1165 amicos.

172 1198 279 1248 Ergo
299 1197 410 1249 agite,
428 1206 465 1234 et
485 1196 620 1234 laetum
640 1196 764 1234 cuncti
783 1196 1005 1234 celebremus
1025 1192 1199 1232 honorem
1216 1209 1226 1232 t

175 1264 374 1301 Poscamus
394 1273 521 1301 ventos
540 1279 550 1308 3
580 1272 691 1313 atque
711 1263 800 1299 haec
823 1276 878 1299 me
899 1275 998 1299 sacra
1019 1271 1110 1313 quot
1129 1261 1229 1297 annis

175 1330 282 1368 Urbe
303 1329 388 1366 velit
410 1330 529 1380 posita
548 1328 694 1380 templis
714 1329 781 1365 sibi
801 1328 893 1365 ferre
913 1328 1053 1365 dicatis.

172 1396 267 1435 Bina
284 1397 398 1434 boum
418 1396 536 1440 vobis,
556 1396 671 1448 Troja
691 1407 900 1447 generatus,
931 1397 1092 1433 Acestes

173 1464 257 1503 Dat
276 1478 425 1501 numero
444 1464 566 1514 capita
586 1464 620 1500 in
642 1464 738 1500 navis
756 1479 765 1501 :
797 1463 966 1500 adhibete
989 1462 1148 1506 Penatis,

175 1531 230 1569 Et
252 1530 401 1580 patrios,
422 1530 552 1580 epulis,
573 1539 608 1568 et
632 1543 724 1580 quos
744 1529 832 1567 colit
850 1530 983 1579 hospes
1006 1532 1174 1567 Acestes.

175 1596 380 1640 Praeterea,
401 1597 428 1633 si
448 1610 542 1634 nona
561 1596 658 1634 diem
675 1596 889 1634 mortalibus
909 1596 1043 1633 almum

175 1664 327 1703 Aurora
347 1663 534 1708 extulerit,
563 1664 744 1714 radiisque
764 1663 938 1700 retexerit
957 1663 1099 1706 orbem,

179 1729 301 1768 Prima
321 1730 414 1767 citae
434 1729 591 1768 Teucris
611 1745 743 1782 ponam
763 1730 959 1768 certamina
978 1728 1124 1767 classis:

179 1797 332 1847 Quique
349 1796 483 1846 pedum
503 1811 611 1835 cursu
633 1796 738 1841 valet,
759 1807 797 1834 et
817 1797 878 1847 qui
895 1797 1029 1833 viribus
1048 1796 1180 1840 audax,

178 1863 268 1901 Aut
283 1862 406 1915 Jaculo
428 1863 563 1902 incedit
583 1864 721 1908 melior,
742 1864 952 1914 levibusque
971 1863 1129 1915 sagittis,

181 1930 254 1967 Seu
274 1929 388 1966 crudo
409 1929 490 1967 fidit
511 1945 672 1982 pugnam
692 1930 920 1968 committere
941 1940 1064 1967 caestu
1083 1945 1094 1974 ς

179 1995 318 2033 Cuncti
343 1996 476 2041 adsint,
497 1997 718 2048 meritaeque
737 2005 950 2047 exspectent
972 1995 1129 2046 praemia
1159 1995 1236 2045 pal-

182 2061 260 2099 Ore
281 2061 400 2100 favete
420 2077 557 2109 omnes,
576 2073 614 2101 et
634 2074 798 2115 tempora
812 2064 950 2115 cingite
965 2064 1084 2101 ramis.
1120 2067 1233 2115 [mae.

237 2129 298 2166 Sic
319 2128 429 2174 fatus,
461 2130 552 2168 velat
574 2141 735 2169 materna
754 2141 918 2182 tempora
938 2141 1074 2181 myrto,

185 2195 274 2235 Hoc
297 2195 483 2246 Helymus
503 2197 605 2247 facit,
626 2198 697 2235 hoc
716 2199 792 2236 aevi
812 2209 973 2237 maturus
994 2199 1167 2244 Acestes,

663 2266 760 2303 ΑΞ
