1455 2685
181 347 217 377 Υ..
232 336 323 377 744.
485 333 786 373 AENEIDOS
841 335 940 374 V11.
1176 338 1226 376 93

237 446 290 484 Et
310 454 348 483 te
367 454 553 483 montosae
572 445 698 483 misere
716 445 752 482 in
772 445 909 495 proelia
928 445 1079 492 Nersae,

183 511 318 556 Ufens,
346 512 520 563 insignem
540 511 637 549 fama
655 520 692 548 et
712 511 883 549 felicibus
901 512 1006 548 armis
1025 526 1034 549 τ

183 578 348 616 Horrida
367 578 559 628 praecipue
577 579 635 615 cui
652 591 754 628 gens,
783 587 997 628 assuetaque
1017 578 1132 616 multo

181 647 329 684 venatu
349 660 550 690 nemorum,
579 645 677 682 duris
705 645 917 695 Aequicula
936 645 1066 696 glebis.

180 713 330 750 Armati
349 722 481 749 terram
501 720 686 756 exercent,
715 725 928 762 semperque
948 713 1101 751 recentis

181 779 408 818 Convectare
423 782 526 831 juvat
547 779 711 829 praedaS,
739 788 777 816 et
798 778 912 816 vivere
932 788 1050 829 rapto.

235 846 333 896 Quin
352 856 389 883 et
410 845 600 883 Marrubia
621 846 716 882 venit
737 845 782 882 de
802 854 912 897 gente
932 846 1113 891 sacerdos,

182 911 327 950 Fronde
347 926 455 963 super
473 912 612 963 galeam
632 921 669 949 et
689 911 784 949 felici
805 921 949 950 comtus
967 912 1074 957 oliva,

178 979 368 1030 Archippi
388 980 484 1030 regis
503 979 624 1023 missu,
652 978 867 1016 fortissimus
889 980 1034 1017 Umbro
1053 995 1063 1018 :

179 1047 340 1097 Vipereo
360 1047 496 1098 generi,
522 1056 559 1083 et
581 1046 738 1097 graviter
755 1045 974 1096 spirantibus
988 1046 1129 1097 hydris,

182 1114 363 1165 Spargere
382 1113 445 1163 qui
465 1126 608 1150 somnos
628 1123 812 1163 cantuque
833 1127 1012 1163 manuque
1032 1113 1187 1159 solebat,

180 1180 447 1229 Mulcebatque
466 1179 547 1224 iras,
568 1189 605 1217 et
625 1193 763 1216 morsus
783 1188 859 1217 arte
878 1179 1036 1219 levabat.

182 1246 256 1283 Sed
276 1260 345 1283 non
367 1246 574 1284 Dardaniae
594 1246 762 1283 medicari
783 1246 942 1296 cuspidis
960 1247 1074 1284 ictum

182 1312 329 1350 Evaluit
350 1327 359 1356 ;
390 1326 505 1363 neque
525 1327 607 1349 eum
622 1315 746 1363 juvere
767 1312 802 1348 in
823 1312 968 1349 volnera
988 1322 1117 1351 cantus

181 1379 388 1424 somniferi,
408 1389 445 1416 et
467 1379 599 1417 Marsis
619 1378 807 1429 quaesitae·
821 1380 1005 1415 montibus
1025 1380 1169 1419 herbae.

179 1445 239 1484 Te
259 1458 383 1483 nemus
402 1444 623 1496 Anguitiae,
654 1444 765 1481 vitrea
784 1453 820 1481 te
841 1445 1001 1482 Fucinus
1031 1447 1140 1492 unda,

179 1511 239 1550 Te
258 1511 388 1562 liquidi
409 1511 538 1548 flevere
552 1511 664 1549 lacus.

234 1579 320 1616 Ibat
337 1588 374 1616 et
404 1578 608 1630 Hippolyti
628 1578 746 1628 proles
766 1578 1007 1628 pulcherrima
1036 1580 1146 1626 bello,

178 1646 352 1684 Virbius:
382 1645 560 1696 insignem
580 1658 687 1695 quem
707 1654 822 1682 mater
842 1646 973 1682 Aricia
993 1647 1104 1692 misit,

178 1713 370 1751 Eductum
390 1711 547 1764 Egeriae
567 1712 671 1756 lucis,
691 1712 876 1749 humentia
895 1713 1033 1751 circum

178 1779 341 1823 Littora,
353 1778 498 1829 pinguis
510 1778 571 1816 ubi
583 1787 619 1815 et
633 1778 818 1828 placabilis
831 1792 888 1816 ara
902 1780 1054 1818 Dianae.
1078 1784 1224 1832 [vercae

177 1847 346 1896 Namque
354 1844 474 1883 ferunt
486 1844 1062 1897 fama,Hippolytum‚postquam
1074 1858 1150 1886 arte
1162 1863 1224 1886 no-

177 1913 381 1956 Occiderit,
402 1912 607 1962 patriasque
626 1912 781 1963 explerit
802 1915 975 1964 sanguine
996 1929 1143 1964 poenas,

175 1980 354 2018 Turbatis
373 1980 568 2016 distractus
587 1979 702 2029 equis,
731 1980 775 2016 ad
797 1979 910 2018 sidera
930 1995 1053 2019 rursus

174 2047 353 2086 Aetheria
373 2055 409 2083 et
431 2059 576 2096 superas
596 2046 686 2083 coeli
707 2047 840 2084 venisse
861 2048 927 2084 sub
948 2061 1064 2092 auras,

176 2113 339 2151 Paeoniis
358 2122 564 2150 revocatum
584 2113 717 2157 herbis,
745 2121 782 2150 et
801 2126 922 2150 amore
942 2114 1096 2152 Dianae.

173 2180 275 2217 Tum
297 2189 402 2230 pater
420 2180 661 2231 omnipotens,
680 2179 835 2230 aliquem
856 2181 1064 2233 indignatus
1080 2183 1125 2218 ab
1146 2196 1223 2219 um-

175 2245 372 2287 hlortalcm
392 2245 536 2285 infernis
556 2247 600 2284 ad
621 2247 753 2284 lumina
773 2261 918 2300 surgere
938 2249 1044 2293 vitae,
1127 2249 1221 2299 [bris
