1455 2685
216 293 250 318 v.
267 282 360 319 4136.
536 278 839 318 AENEIDOS
897 280 972 318 IX.
1193 285 1269 321 139

213 390 445 443 Languescit
464 391 618 428 moriens
636 406 647 436 ;
675 389 812 427 lassove
832 404 1012 440 papavera
1032 392 1129 429 collo

212 458 404 496 Demisere
423 466 548 508 caput,
577 457 698 507 pluvia
717 470 830 507 quum
851 456 946 494 forte
966 468 1175 508 gravantur.

210 525 272 562 At
293 524 404 563 Nisus
423 524 496 561 ruit
516 524 550 560 in
572 524 722 567 medios,
751 523 938 574 solumque
959 538 1023 574 per
1042 525 1157 561 omnis

210 592 446 629 Volscentem
466 592 585 641 petit;
615 591 649 628 in
671 590 747 627 solo
768 590 967 628 Volscente
988 602 1162 629 moratur.

209 658 484 708 Quem,circum
496 657 829 708 glomerati‚hostes
842 658 926 694 hinc
938 658 1138 695 comminus
1150 668 1260 708 atque

209 725 446 762 Proturbant.
480 724 600 762 Instat
614 739 684 762 non
699 725 829 770 secius,
842 739 883 762 ac
898 734 998 762 rotat
1012 738 1131 762 ensem
1151 726 1259 776 [hinc

207 791 438 830 Fulmineum
456 808 467 838 ;
497 792 612 829 donec
636 791 768 829 Rutuli
788 791 974 829 clamantis
995 793 1028 829 in
1050 807 1112 843 ore

206 858 382 897 Condidit
396 859 562 904 adverso,
581 867 619 896 et
640 859 794 896 moriens
808 859 962 896 animam
978 858 1128 897 abstulit
1149 859 1259 898 hosti.

205 924 309 962 Tum
329 939 436 976 super
458 926 656 964 exanimem
678 940 752 963 sese
772 926 924 977 projecit
944 927 1099 964 amicum

206 991 421 1038 Confossus,
450 993 667 1043 placidaque
687 993 738 1029 ibi
759 993 906 1030 demum
927 1003 1044 1031 morte
1064 994 1215 1044 quievit.

263 1059 459 1096 Fortunati
480 1060 589 1096 ambo
606 1062 614 1097 !
649 1060 676 1096 si
696 1059 786 1109 quid
806 1073 883 1096 mea
903 1061 1059 1097 carmina
1079 1067 1246 1111 possunt,

205 1124 319 1162 Nulla
339 1126 416 1163 dies
437 1140 609 1176 umquam
629 1126 777 1163 memori
799 1141 862 1164 vos
880 1127 1014 1164 eximet
1035 1141 1121 1164 aevo
1140 1141 1149 1163 ε

204 1192 309 1229 Dum
330 1192 458 1229 domus
479 1193 630 1230 Aeneae
650 1192 814 1243 Capitoli
835 1193 1164 1230 immobilesaxum

202 1255 382 1304 Accolet,
411 1260 673 1310 imperiumque
694 1269 797 1309 pater
820 1260 1006 1296 Romanus
1027 1259 1189 1298 habebit.

256 1325 429 1363 Victores
449 1327 580 1376 praeda
603 1326 736 1364 Rutuli
756 1326 952 1376 spoliisque
972 1326 1097 1376 potiti,

202 1391 440 1431 Volscentem
459 1393 664 1430 exanimum
685 1392 810 1429 flentes
830 1393 864 1429 in
885 1402 1003 1430 castra
1024 1393 1202 1430 ferebant.

202 1459 283 1497 Nec
304 1459 421 1496 minor
440 1459 475 1496 in
496 1460 621 1497 castris
641 1460 776 1504 luctus,
810 1460 1017 1497 Rhamnete
1037 1469 1183 1510 reperto

203 1526 411 1577 Exsangui‚
439 1535 476 1563 et
497 1526 618 1576 primis
640 1540 708 1562 una
728 1534 786 1563 tot
807 1527 915 1563 caede
936 1527 1119 1576 peremtis,

205 1592 446 1642 Sarranoque‚
477 1592 685 1642 Numaque.
745 1594 880 1644 Ingens
901 1607 1100 1630 concursus
1120 1593 1166 1629 ad
1178 1592 1255 1643 ipsa

202 1660 383 1709 Corpora,
404 1658 671 1709 seminecesque
692 1659 798 1704 viros,
827 1660 1024 1710 tepidaque
1044 1669 1227 1697 recentem

202 1726 323 1764 Caede
343 1725 480 1769 locum,
508 1735 546 1762 et
567 1725 692 1776 plenos
713 1727 897 1777 spumanti
918 1726 1090 1777 sanguine
1109 1727 1217 1764 rivos.

201 1794 430 1845 Agnoscunt
449 1793 564 1843 spolia
585 1793 680 1831 inter
700 1808 750 1838 se,
782 1793 997 1845 galeamque
1016 1794 1191 1831 nitentem

202 1860 378 1911 Messapi,
405 1869 443 1898 et
464 1860 580 1898 multo
600 1859 764 1911 phaleras
785 1861 914 1897 sudore
934 1870 1110 1910 receptas.

255 1929 308 1966 Et
322 1930 397 1979 jam
417 1927 533 1978 prima
553 1927 646 1965 novo
667 1928 863 1979 spargebat
883 1927 1017 1964 lumine
1036 1936 1162 1972 terras,

201 1993 359 2032 Tithoni
378 2008 549 2032 croceum
568 1994 747 2045 linquens,
764 1995 940 2039 'Aurora,
969 1993 1089 2031 cubile
1107 2010 1116 2032 :

199 2061 280 2099 Jam
301 2061 374 2099 sole
394 2061 529 2106 infuso,
552 2064 627 2113 jam
647 2063 753 2100 rebus
773 2061 854 2099 luce
875 2061 1036 2105 retectis,

200 2127 351 2166 Turnus
370 2128 405 2165 in
425 2142 523 2166 arma
542 2128 649 2174 viros,
679 2129 785 2166 armis
804 2128 1051 2166 circumdatus
1071 2127 1160 2177 ipsc,

204 2195 368 2235 Suscitat
385 2211 397 2244 ;
426 2204 635 2248 aeratasque
655 2197 749 2234 acies
777 2197 813 2234 in
834 2196 969 2248 proelia
988 2196 1092 2247 cogit

687 2264 711 2300 S
745 2265 770 2301 2
