<?xml version="1.0" encoding="UTF-8"?>
<!DOCTYPE html PUBLIC "-//W3C//DTD XHTML 1.0 Transitional//EN"
    "http://www.w3.org/TR/xhtml1/DTD/xhtml1-transitional.dtd">
<html xmlns="http://www.w3.org/1999/xhtml" xml:lang="en" lang="en">
 <head>
  <title>
</title>
<meta http-equiv="Content-Type" content="text/html;charset=utf-8" />
  <meta name='ocr-system' content='tesseract 3.04.00' />
  <meta name='ocr-capabilities' content='ocr_page ocr_carea ocr_par ocr_line ocrx_word'/>
</head>
<body>
  <div class='ocr_page' id='page_1' title='image "./operahun02virguoft_0157.png"; bbox 0 0 1455 2685; ppageno 0'>
   <div class='ocr_carea' id='block_1_1' title="bbox 207 322 1252 367">
    <p class='ocr_par' dir='ltr' id='par_1_1' title="bbox 207 322 1252 367">
     <span class='ocr_line' id='line_1_1' title="bbox 207 322 1252 367; baseline -0.003 -3"><span class='ocrx_word' id='word_1_1' title='bbox 207 325 345 367; x_wconf 63' lang='lat' dir='ltr'>vv.“715.</span> <span class='ocrx_word' id='word_1_2' title='bbox 511 322 810 361; x_wconf 87' lang='lat' dir='ltr'><strong>AENEIDOS</strong></span> <span class='ocrx_word' id='word_1_3' title='bbox 868 324 943 360; x_wconf 90' lang='lat' dir='ltr'>IX.</span> <span class='ocrx_word' id='word_1_4' title='bbox 1179 326 1252 362; x_wconf 79' lang='lat'>149</span> 
     </span>
    </p>
   </div>
   <div class='ocr_carea' id='block_1_2' title="bbox 206 434 1262 2286">
    <p class='ocr_par' dir='ltr' id='par_1_2' title="bbox 206 434 1252 552">
     <span class='ocr_line' id='line_1_2' title="bbox 206 434 1252 485; baseline -0.003 -11"><span class='ocrx_word' id='word_1_5' title='bbox 206 434 310 474; x_wconf 57' lang='lat' dir='ltr'>‘Tum</span> <span class='ocrx_word' id='word_1_6' title='bbox 331 435 450 474; x_wconf 89' lang='lat' dir='ltr'>sonitu</span> <span class='ocrx_word' id='word_1_7' title='bbox 471 435 659 485; x_wconf 83' lang='lat' dir='ltr'>Prochyta</span> <span class='ocrx_word' id='word_1_8' title='bbox 674 434 745 471; x_wconf 87' lang='lat' dir='ltr'>alta</span> <span class='ocrx_word' id='word_1_9' title='bbox 760 434 894 477; x_wconf 81' lang='lat' dir='ltr'>tremit,</span> <span class='ocrx_word' id='word_1_10' title='bbox 917 435 1118 484; x_wconf 85' lang='lat' dir='ltr'>durumque</span> <span class='ocrx_word' id='word_1_11' title='bbox 1134 434 1252 471; x_wconf 87' lang='lat' dir='ltr'>cubile</span> 
     </span>
     <span class='ocr_line' id='line_1_3' title="bbox 213 499 1058 552; baseline -0.005 -11"><span class='ocrx_word' id='word_1_12' title='bbox 213 504 367 542; x_wconf 69' lang='lat' dir='ltr'>inarime</span> <span class='ocrx_word' id='word_1_13' title='bbox 387 502 486 541; x_wconf 79' lang='lat' dir='ltr'>Jovis</span> <span class='ocrx_word' id='word_1_14' title='bbox 506 501 663 552; x_wconf 85' lang='lat' dir='ltr'>imperiis</span> <span class='ocrx_word' id='word_1_15' title='bbox 682 501 838 550; x_wconf 85' lang='lat' dir='ltr'>imposta</span> <span class='ocrx_word' id='word_1_16' title='bbox 858 499 1058 550; x_wconf 69' lang='lat' dir='ltr'>Typhoeo</span> 
     </span>
    </p>

    <p class='ocr_par' dir='ltr' id='par_1_3' title="bbox 213 566 1257 1685">
     <span class='ocr_line' id='line_1_4' title="bbox 267 566 1227 617; baseline -0.001 -10"><span class='ocrx_word' id='word_1_17' title='bbox 267 570 347 607; x_wconf 88' lang='lat' dir='ltr'>Hic</span> <span class='ocrx_word' id='word_1_18' title='bbox 371 569 474 606; x_wconf 83' lang='lat' dir='ltr'>Mars</span> <span class='ocrx_word' id='word_1_19' title='bbox 493 568 713 617; x_wconf 78' lang='lat' dir='ltr'>armipotens</span> <span class='ocrx_word' id='word_1_20' title='bbox 733 568 882 603; x_wconf 85' lang='lat' dir='ltr'>animam</span> <span class='ocrx_word' id='word_1_21' title='bbox 903 566 1063 616; x_wconf 74' lang='lat' dir='ltr'>viresque</span> <span class='ocrx_word' id='word_1_22' title='bbox 1084 567 1227 606; x_wconf 78' lang='lat' dir='ltr'>Latinis</span> 
     </span>
     <span class='ocr_line' id='line_1_5' title="bbox 213 633 1155 682; baseline -0.003 -9"><span class='ocrx_word' id='word_1_23' title='bbox 213 635 387 678; x_wconf 73' lang='lat' dir='ltr'>Addidit,</span> <span class='ocrx_word' id='word_1_24' title='bbox 417 645 452 672; x_wconf 88' lang='lat' dir='ltr'>et</span> <span class='ocrx_word' id='word_1_25' title='bbox 474 634 638 671; x_wconf 87' lang='lat' dir='ltr'>stimulos</span> <span class='ocrx_word' id='word_1_26' title='bbox 658 633 747 670; x_wconf 87' lang='lat' dir='ltr'>acris</span> <span class='ocrx_word' id='word_1_27' title='bbox 767 633 833 669; x_wconf 82' lang='lat' dir='ltr'>sub</span> <span class='ocrx_word' id='word_1_28' title='bbox 855 642 1002 682; x_wconf 80' lang='lat' dir='ltr'>pectore</span> <span class='ocrx_word' id='word_1_29' title='bbox 1023 633 1127 670; x_wconf 85' lang='lat' dir='ltr'>vertit</span> <span class='ocrx_word' id='word_1_30' title='bbox 1146 649 1155 678; x_wconf 92' lang='lat'><strong>;</strong></span> 
     </span>
     <span class='ocr_line' id='line_1_6' title="bbox 214 700 1234 752; baseline -0.002 -12"><span class='ocrx_word' id='word_1_31' title='bbox 214 703 441 752; x_wconf 74' lang='lat' dir='ltr'>Immisitque</span> <span class='ocrx_word' id='word_1_32' title='bbox 464 702 607 752; x_wconf 80' lang='lat' dir='ltr'>Fugam</span> <span class='ocrx_word' id='word_1_33' title='bbox 627 700 795 744; x_wconf 82' lang='lat' dir='ltr'>Teucris,</span> <span class='ocrx_word' id='word_1_34' title='bbox 824 710 1014 750; x_wconf 84' lang='lat' dir='ltr'>atrumque</span> <span class='ocrx_word' id='word_1_35' title='bbox 1036 701 1234 739; x_wconf 86' lang='lat' dir='ltr'>Timorem.</span> 
     </span>
     <span class='ocr_line' id='line_1_7' title="bbox 214 767 1252 820; baseline -0.001 -14"><span class='ocrx_word' id='word_1_36' title='bbox 214 768 388 819; x_wconf 78' lang='lat' dir='ltr'><strong>Undique</strong></span> <span class='ocrx_word' id='word_1_37' title='bbox 409 768 626 805; x_wconf 88' lang='lat' dir='ltr'>conveniunt</span> <span class='ocrx_word' id='word_1_38' title='bbox 644 783 654 812; x_wconf 91' lang='lat'>;</span> <span class='ocrx_word' id='word_1_39' title='bbox 677 769 846 817; x_wconf 84' lang='lat' dir='ltr'>quoniam</span> <span class='ocrx_word' id='word_1_40' title='bbox 867 767 949 804; x_wconf 81' lang='lat' dir='ltr'>data</span> <span class='ocrx_word' id='word_1_41' title='bbox 969 768 1076 818; x_wconf 82' lang='lat' dir='ltr'>copia</span> <span class='ocrx_word' id='word_1_42' title='bbox 1097 782 1252 820; x_wconf 79' lang='lat' dir='ltr'>pugnae,</span> 
     </span>
     <span class='ocr_line' id='line_1_8' title="bbox 214 835 870 885; baseline -0.005 -12"><span class='ocrx_word' id='word_1_43' title='bbox 214 835 452 885; x_wconf 79' lang='lat' dir='ltr'>Bellatorque</span> <span class='ocrx_word' id='word_1_44' title='bbox 471 835 607 871; x_wconf 81' lang='lat' dir='ltr'>animos</span> <span class='ocrx_word' id='word_1_45' title='bbox 627 835 714 871; x_wconf 85' lang='lat' dir='ltr'>deus</span> <span class='ocrx_word' id='word_1_46' title='bbox 731 835 870 872; x_wconf 84' lang='lat' dir='ltr'>incidit.</span> 
     </span>
     <span class='ocr_line' id='line_1_9' title="bbox 215 901 1140 953; baseline 0 -13"><span class='ocrx_word' id='word_1_47' title='bbox 215 902 412 947; x_wconf 83' lang='lat' dir='ltr'>Pandarus,</span> <span class='ocrx_word' id='word_1_48' title='bbox 440 911 481 939; x_wconf 90' lang='lat' dir='ltr'>ut</span> <span class='ocrx_word' id='word_1_49' title='bbox 502 901 583 938; x_wconf 90' lang='lat' dir='ltr'>fuso</span> <span class='ocrx_word' id='word_1_50' title='bbox 604 915 814 953; x_wconf 82' lang='lat' dir='ltr'>germanum</span> <span class='ocrx_word' id='word_1_51' title='bbox 834 915 992 952; x_wconf 87' lang='lat' dir='ltr'>corpore</span> <span class='ocrx_word' id='word_1_52' title='bbox 1012 903 1140 948; x_wconf 84' lang='lat' dir='ltr'>cernit,</span> 
     </span>
     <span class='ocr_line' id='line_1_10' title="bbox 214 967 1115 1020; baseline -0.002 -13"><span class='ocrx_word' id='word_1_53' title='bbox 214 969 267 1007; x_wconf 87' lang='lat' dir='ltr'>Et</span> <span class='ocrx_word' id='word_1_54' title='bbox 288 983 360 1019; x_wconf 90' lang='lat' dir='ltr'>quo</span> <span class='ocrx_word' id='word_1_55' title='bbox 382 969 425 1006; x_wconf 89' lang='lat' dir='ltr'>sit</span> <span class='ocrx_word' id='word_1_56' title='bbox 446 967 594 1005; x_wconf 85' lang='lat' dir='ltr'>fortuna</span> <span class='ocrx_word' id='word_1_57' title='bbox 613 968 709 1013; x_wconf 89' lang='lat' dir='ltr'>loco,</span> <span class='ocrx_word' id='word_1_58' title='bbox 739 969 801 1018; x_wconf 89' lang='lat' dir='ltr'>qui</span> <span class='ocrx_word' id='word_1_59' title='bbox 820 982 921 1005; x_wconf 84' lang='lat' dir='ltr'>casus</span> <span class='ocrx_word' id='word_1_60' title='bbox 941 978 1026 1020; x_wconf 79' lang='lat' dir='ltr'>agat</span> <span class='ocrx_word' id='word_1_61' title='bbox 1047 984 1115 1016; x_wconf 68' lang='lat' dir='ltr'>res,</span> 
     </span>
     <span class='ocr_line' id='line_1_11' title="bbox 216 1034 1138 1086; baseline 0 -13"><span class='ocrx_word' id='word_1_62' title='bbox 216 1035 365 1073; x_wconf 79' lang='lat' dir='ltr'>Portam</span> <span class='ocrx_word' id='word_1_63' title='bbox 387 1035 418 1071; x_wconf 92' lang='lat' dir='ltr'>vi</span> <span class='ocrx_word' id='word_1_64' title='bbox 438 1034 566 1079; x_wconf 87' lang='lat' dir='ltr'>multa,</span> <span class='ocrx_word' id='word_1_65' title='bbox 596 1049 769 1072; x_wconf 82' lang='lat' dir='ltr'>converso</span> <span class='ocrx_word' id='word_1_66' title='bbox 790 1036 947 1079; x_wconf 79' lang='lat' dir='ltr'>cardine,</span> <span class='ocrx_word' id='word_1_67' title='bbox 976 1043 1138 1086; x_wconf 80' lang='lat' dir='ltr'>torquet,</span> 
     </span>
     <span class='ocr_line' id='line_1_12' title="bbox 216 1101 1094 1152; baseline -0.001 -12"><span class='ocrx_word' id='word_1_68' title='bbox 216 1103 386 1141; x_wconf 84' lang='lat' dir='ltr'>Obnixus</span> <span class='ocrx_word' id='word_1_69' title='bbox 405 1101 485 1139; x_wconf 82' lang='lat' dir='ltr'>latis</span> <span class='ocrx_word' id='word_1_70' title='bbox 505 1102 675 1145; x_wconf 87' lang='lat' dir='ltr'>humeris,</span> <span class='ocrx_word' id='word_1_71' title='bbox 706 1102 912 1152; x_wconf 83' lang='lat' dir='ltr'>multosque</span> <span class='ocrx_word' id='word_1_72' title='bbox 934 1117 1094 1148; x_wconf 87' lang='lat' dir='ltr'>suorum,</span> 
     </span>
     <span class='ocr_line' id='line_1_13' title="bbox 214 1169 1176 1220; baseline 0 -13"><span class='ocrx_word' id='word_1_73' title='bbox 214 1169 412 1208; x_wconf 85' lang='lat' dir='ltr'>Moenibus</span> <span class='ocrx_word' id='word_1_74' title='bbox 432 1169 611 1213; x_wconf 82' lang='lat' dir='ltr'>exclusos,</span> <span class='ocrx_word' id='word_1_75' title='bbox 641 1170 731 1205; x_wconf 89' lang='lat' dir='ltr'>duro</span> <span class='ocrx_word' id='word_1_76' title='bbox 752 1169 785 1205; x_wconf 91' lang='lat' dir='ltr'>in</span> <span class='ocrx_word' id='word_1_77' title='bbox 807 1169 999 1206; x_wconf 85' lang='lat' dir='ltr'>certamine</span> <span class='ocrx_word' id='word_1_78' title='bbox 1020 1169 1176 1220; x_wconf 82' lang='lat' dir='ltr'>linquit3</span> 
     </span>
     <span class='ocr_line' id='line_1_14' title="bbox 214 1235 1114 1285; baseline 0 -12"><span class='ocrx_word' id='word_1_79' title='bbox 214 1237 293 1274; x_wconf 89' lang='lat' dir='ltr'>Ast</span> <span class='ocrx_word' id='word_1_80' title='bbox 312 1235 400 1273; x_wconf 87' lang='lat' dir='ltr'>alios</span> <span class='ocrx_word' id='word_1_81' title='bbox 420 1249 538 1273; x_wconf 89' lang='lat' dir='ltr'>secum</span> <span class='ocrx_word' id='word_1_82' title='bbox 559 1235 709 1272; x_wconf 88' lang='lat' dir='ltr'>includit</span> <span class='ocrx_word' id='word_1_83' title='bbox 732 1236 933 1285; x_wconf 79' lang='lat' dir='ltr'>recipitque</span> <span class='ocrx_word' id='word_1_84' title='bbox 954 1237 1088 1272; x_wconf 80' lang='lat' dir='ltr'>ruentis</span> <span class='ocrx_word' id='word_1_85' title='bbox 1105 1251 1114 1274; x_wconf 78' lang='lat' dir='ltr'>z</span> 
     </span>
     <span class='ocr_line' id='line_1_15' title="bbox 214 1301 1257 1354; baseline 0.001 -14"><span class='ocrx_word' id='word_1_86' title='bbox 214 1303 378 1341; x_wconf 82' lang='lat' dir='ltr'>Demens</span> <span class='ocrx_word' id='word_1_87' title='bbox 397 1306 404 1340; x_wconf 92' lang='lat'>!</span> <span class='ocrx_word' id='word_1_88' title='bbox 430 1303 492 1352; x_wconf 89' lang='lat' dir='ltr'>qui</span> <span class='ocrx_word' id='word_1_89' title='bbox 516 1301 697 1340; x_wconf 87' lang='lat' dir='ltr'>Rutulum</span> <span class='ocrx_word' id='word_1_90' title='bbox 714 1303 747 1339; x_wconf 89' lang='lat' dir='ltr'>in</span> <span class='ocrx_word' id='word_1_91' title='bbox 762 1302 879 1339; x_wconf 80' lang='lat' dir='ltr'>medio</span> <span class='ocrx_word' id='word_1_92' title='bbox 896 1317 965 1339; x_wconf 89' lang='lat' dir='ltr'>non</span> <span class='ocrx_word' id='word_1_93' title='bbox 979 1303 1120 1354; x_wconf 79' lang='lat' dir='ltr'>agmine</span> <span class='ocrx_word' id='word_1_94' title='bbox 1137 1317 1257 1354; x_wconf 82' lang='lat' dir='ltr'>regem</span> 
     </span>
     <span class='ocr_line' id='line_1_16' title="bbox 214 1369 1179 1420; baseline -0.002 -13"><span class='ocrx_word' id='word_1_95' title='bbox 214 1370 360 1407; x_wconf 84' lang='lat' dir='ltr'>Viderit</span> <span class='ocrx_word' id='word_1_96' title='bbox 379 1370 652 1420; x_wconf 80' lang='lat' dir='ltr'>irrumpentem,</span> <span class='ocrx_word' id='word_1_97' title='bbox 681 1369 849 1419; x_wconf 87' lang='lat' dir='ltr'>ultroque</span> <span class='ocrx_word' id='word_1_98' title='bbox 869 1369 1051 1406; x_wconf 79' lang='lat' dir='ltr'>incluserit</span> <span class='ocrx_word' id='word_1_99' title='bbox 1071 1370 1150 1406; x_wconf 88' lang='lat' dir='ltr'>urbi</span> <span class='ocrx_word' id='word_1_100' title='bbox 1168 1385 1179 1415; x_wconf 87' lang='lat'><strong>;</strong></span> 
     </span>
     <span class='ocr_line' id='line_1_17' title="bbox 217 1435 1113 1487; baseline -0.003 -13"><span class='ocrx_word' id='word_1_101' title='bbox 217 1436 415 1474; x_wconf 88' lang='lat' dir='ltr'>Immanem</span> <span class='ocrx_word' id='word_1_102' title='bbox 436 1435 547 1472; x_wconf 88' lang='lat' dir='ltr'>veluti</span> <span class='ocrx_word' id='word_1_103' title='bbox 568 1449 698 1485; x_wconf 81' lang='lat' dir='ltr'>pecora</span> <span class='ocrx_word' id='word_1_104' title='bbox 718 1436 813 1472; x_wconf 87' lang='lat' dir='ltr'>inter</span> <span class='ocrx_word' id='word_1_105' title='bbox 832 1435 957 1472; x_wconf 82' lang='lat' dir='ltr'>inertia</span> <span class='ocrx_word' id='word_1_106' title='bbox 977 1436 1113 1487; x_wconf 83' lang='lat' dir='ltr'>tigrim.</span> 
     </span>
     <span class='ocr_line' id='line_1_18' title="bbox 216 1501 1085 1546; baseline -0.001 -6"><span class='ocrx_word' id='word_1_107' title='bbox 216 1502 403 1540; x_wconf 88' lang='lat' dir='ltr'>Continuo</span> <span class='ocrx_word' id='word_1_108' title='bbox 423 1515 515 1539; x_wconf 85' lang='lat' dir='ltr'>nova</span> <span class='ocrx_word' id='word_1_109' title='bbox 535 1501 597 1538; x_wconf 80' lang='lat' dir='ltr'>lux</span> <span class='ocrx_word' id='word_1_110' title='bbox 618 1501 734 1539; x_wconf 87' lang='lat' dir='ltr'>oculis</span> <span class='ocrx_word' id='word_1_111' title='bbox 754 1502 902 1546; x_wconf 78' lang='lat' dir='ltr'>effulsit,</span> <span class='ocrx_word' id='word_1_112' title='bbox 931 1511 968 1538; x_wconf 82' lang='lat' dir='ltr'>ct</span> <span class='ocrx_word' id='word_1_113' title='bbox 988 1516 1085 1539; x_wconf 79' lang='lat' dir='ltr'>arma</span> 
     </span>
     <span class='ocr_line' id='line_1_19' title="bbox 217 1567 1200 1606; baseline 0.002 -2"><span class='ocrx_word' id='word_1_114' title='bbox 217 1567 454 1605; x_wconf 87' lang='lat' dir='ltr'>Horrendum</span> <span class='ocrx_word' id='word_1_115' title='bbox 477 1581 624 1605; x_wconf 87' lang='lat' dir='ltr'>sonuere</span> <span class='ocrx_word' id='word_1_116' title='bbox 642 1583 652 1606; x_wconf 74' lang='lat' dir='ltr'><strong><em>z</em></strong></span> <span class='ocrx_word' id='word_1_117' title='bbox 683 1578 841 1606; x_wconf 84' lang='lat' dir='ltr'>tremunt</span> <span class='ocrx_word' id='word_1_118' title='bbox 863 1570 896 1604; x_wconf 93' lang='lat' dir='ltr'>in</span> <span class='ocrx_word' id='word_1_119' title='bbox 918 1568 1051 1606; x_wconf 81' lang='lat' dir='ltr'>vertice</span> <span class='ocrx_word' id='word_1_120' title='bbox 1071 1569 1200 1606; x_wconf 84' lang='lat' dir='ltr'>cristae</span> 
     </span>
     <span class='ocr_line' id='line_1_20' title="bbox 219 1634 1217 1685; baseline 0.002 -14"><span class='ocrx_word' id='word_1_121' title='bbox 219 1634 460 1685; x_wconf 84' lang='lat' dir='ltr'>Sanguineae‚</span> <span class='ocrx_word' id='word_1_122' title='bbox 489 1634 680 1684; x_wconf 86' lang='lat' dir='ltr'>clipeoque</span> <span class='ocrx_word' id='word_1_123' title='bbox 700 1636 866 1672; x_wconf 79' lang='lat' dir='ltr'>micantia</span> <span class='ocrx_word' id='word_1_124' title='bbox 887 1634 1034 1671; x_wconf 84' lang='lat' dir='ltr'>fulmina</span> <span class='ocrx_word' id='word_1_125' title='bbox 1054 1636 1217 1674; x_wconf 82' lang='lat' dir='ltr'>mittunt.</span> 
     </span>
    </p>

    <p class='ocr_par' dir='ltr' id='par_1_4' title="bbox 218 1700 1262 2286">
     <span class='ocr_line' id='line_1_21' title="bbox 253 1700 1262 1752; baseline 0.002 -14"><span class='ocrx_word' id='word_1_126' title='bbox 253 1702 479 1752; x_wconf 86' lang='lat' dir='ltr'>Agnoscunt</span> <span class='ocrx_word' id='word_1_127' title='bbox 489 1700 613 1738; x_wconf 85' lang='lat' dir='ltr'>faciem</span> <span class='ocrx_word' id='word_1_128' title='bbox 627 1702 902 1752; x_wconf 73' lang='lat' dir='ltr'>iiivisam‚atq11e</span> <span class='ocrx_word' id='word_1_129' title='bbox 914 1702 1078 1739; x_wconf 85' lang='lat' dir='ltr'>immania</span> <span class='ocrx_word' id='word_1_130' title='bbox 1091 1705 1262 1748; x_wconf 84' lang='lat' dir='ltr'>membra,</span> 
     </span>
     <span class='ocr_line' id='line_1_22' title="bbox 218 1767 1259 1821; baseline 0 -15"><span class='ocrx_word' id='word_1_131' title='bbox 218 1767 377 1806; x_wconf 84' lang='lat' dir='ltr'>Turbati</span> <span class='ocrx_word' id='word_1_132' title='bbox 397 1767 531 1813; x_wconf 85' lang='lat' dir='ltr'>subito,</span> <span class='ocrx_word' id='word_1_133' title='bbox 547 1768 758 1805; x_wconf 80' lang='lat' dir='ltr'>Aeneadae.</span> <span class='ocrx_word' id='word_1_134' title='bbox 816 1770 915 1806; x_wconf 84' lang='lat' dir='ltr'>Tum</span> <span class='ocrx_word' id='word_1_135' title='bbox 931 1769 1115 1806; x_wconf 78' lang='lat' dir='ltr'>Pandarus</span> <span class='ocrx_word' id='word_1_136' title='bbox 1135 1770 1259 1821; x_wconf 80' lang='lat' dir='ltr'>ingens</span> 
     </span>
     <span class='ocr_line' id='line_1_23' title="bbox 219 1834 1078 1880; baseline 0 -8"><span class='ocrx_word' id='word_1_137' title='bbox 219 1834 380 1880; x_wconf 87' lang='lat' dir='ltr'>Emicat,</span> <span class='ocrx_word' id='word_1_138' title='bbox 409 1843 460 1877; x_wconf 83' lang='lat' dir='ltr'>et,</span> <span class='ocrx_word' id='word_1_139' title='bbox 491 1836 616 1872; x_wconf 87' lang='lat' dir='ltr'>mortis</span> <span class='ocrx_word' id='word_1_140' title='bbox 641 1835 817 1872; x_wconf 78' lang='lat' dir='ltr'>fraternae</span> <span class='ocrx_word' id='word_1_141' title='bbox 838 1835 996 1872; x_wconf 88' lang='lat' dir='ltr'>fervidus</span> <span class='ocrx_word' id='word_1_142' title='bbox 1016 1836 1078 1880; x_wconf 86' lang='lat' dir='ltr'>ira,</span> 
     </span>
     <span class='ocr_line' id='line_1_24' title="bbox 218 1902 1102 1953; baseline 0.001 -14"><span class='ocrx_word' id='word_1_143' title='bbox 218 1902 393 1940; x_wconf 81' lang='lat' dir='ltr'>Effatur:</span> <span class='ocrx_word' id='word_1_144' title='bbox 424 1903 510 1940; x_wconf 90' lang='lat' dir='ltr'>Non</span> <span class='ocrx_word' id='word_1_145' title='bbox 529 1902 617 1940; x_wconf 86' lang='lat' dir='ltr'>haec</span> <span class='ocrx_word' id='word_1_146' title='bbox 638 1903 767 1939; x_wconf 83' lang='lat' dir='ltr'>dotalis</span> <span class='ocrx_word' id='word_1_147' title='bbox 796 1903 893 1953; x_wconf 81' lang='lat' dir='ltr'>regia</span> <span class='ocrx_word' id='word_1_148' title='bbox 914 1903 1074 1940; x_wconf 83' lang='lat' dir='ltr'>Amatae</span> <span class='ocrx_word' id='word_1_149' title='bbox 1093 1918 1102 1947; x_wconf 79' lang='lat'>3</span> 
     </span>
     <span class='ocr_line' id='line_1_25' title="bbox 218 1970 1225 2019; baseline 0 -11"><span class='ocrx_word' id='word_1_150' title='bbox 218 1970 299 2008; x_wconf 87' lang='lat' dir='ltr'>Nec</span> <span class='ocrx_word' id='word_1_151' title='bbox 319 1970 427 2007; x_wconf 86' lang='lat' dir='ltr'>muris</span> <span class='ocrx_word' id='word_1_152' title='bbox 447 1970 595 2007; x_wconf 87' lang='lat' dir='ltr'>cohibet</span> <span class='ocrx_word' id='word_1_153' title='bbox 615 1970 738 2019; x_wconf 84' lang='lat' dir='ltr'>patriis</span> <span class='ocrx_word' id='word_1_154' title='bbox 760 1970 873 2006; x_wconf 81' lang='lat' dir='ltr'>media</span> <span class='ocrx_word' id='word_1_155' title='bbox 895 1971 1024 2008; x_wconf 80' lang='lat' dir='ltr'>Ardea</span> <span class='ocrx_word' id='word_1_156' title='bbox 1044 1971 1225 2008; x_wconf 85' lang='lat' dir='ltr'>Turnum.</span> 
     </span>
     <span class='ocr_line' id='line_1_26' title="bbox 218 2036 1196 2087; baseline 0 -13"><span class='ocrx_word' id='word_1_157' title='bbox 218 2036 348 2074; x_wconf 81' lang='lat' dir='ltr'>Castra</span> <span class='ocrx_word' id='word_1_158' title='bbox 367 2037 509 2074; x_wconf 87' lang='lat' dir='ltr'>inimica</span> <span class='ocrx_word' id='word_1_159' title='bbox 528 2037 625 2074; x_wconf 90' lang='lat' dir='ltr'>vides</span> <span class='ocrx_word' id='word_1_160' title='bbox 643 2053 651 2075; x_wconf 92' lang='lat'>:</span> <span class='ocrx_word' id='word_1_161' title='bbox 683 2037 780 2074; x_wconf 78' lang='lat' dir='ltr'>nulla</span> <span class='ocrx_word' id='word_1_162' title='bbox 801 2037 882 2074; x_wconf 85' lang='lat' dir='ltr'>hinc</span> <span class='ocrx_word' id='word_1_163' title='bbox 904 2037 1001 2074; x_wconf 81' lang='lat' dir='ltr'>exire</span> <span class='ocrx_word' id='word_1_164' title='bbox 1022 2046 1196 2087; x_wconf 76' lang='lat' dir='ltr'>potestaS.</span> 
     </span>
     <span class='ocr_line' id='line_1_27' title="bbox 219 2102 1016 2154; baseline 0.001 -13"><span class='ocrx_word' id='word_1_165' title='bbox 219 2102 296 2141; x_wconf 88' lang='lat' dir='ltr'>Olli</span> <span class='ocrx_word' id='word_1_166' title='bbox 316 2103 502 2141; x_wconf 81' lang='lat' dir='ltr'>subridens</span> <span class='ocrx_word' id='word_1_167' title='bbox 522 2105 645 2141; x_wconf 77' lang='lat' dir='ltr'>sedato</span> <span class='ocrx_word' id='word_1_168' title='bbox 667 2113 815 2154; x_wconf 86' lang='lat' dir='ltr'>pectore</span> <span class='ocrx_word' id='word_1_169' title='bbox 837 2104 988 2142; x_wconf 74' lang='lat' dir='ltr'>Turnus</span> <span class='ocrx_word' id='word_1_170' title='bbox 1008 2120 1016 2142; x_wconf 92' lang='lat'>:</span> 
     </span>
     <span class='ocr_line' id='line_1_28' title="bbox 219 2170 1236 2222; baseline 0.001 -15"><span class='ocrx_word' id='word_1_171' title='bbox 219 2170 360 2220; x_wconf 88' lang='lat' dir='ltr'>Incipe,</span> <span class='ocrx_word' id='word_1_172' title='bbox 389 2171 416 2207; x_wconf 88' lang='lat' dir='ltr'>si</span> <span class='ocrx_word' id='word_1_173' title='bbox 436 2185 506 2222; x_wconf 87' lang='lat' dir='ltr'>qua</span> <span class='ocrx_word' id='word_1_174' title='bbox 526 2172 644 2208; x_wconf 81' lang='lat' dir='ltr'>animo</span> <span class='ocrx_word' id='word_1_175' title='bbox 664 2171 790 2216; x_wconf 89' lang='lat' dir='ltr'>virtus,</span> <span class='ocrx_word' id='word_1_176' title='bbox 819 2182 856 2208; x_wconf 89' lang='lat' dir='ltr'>et</span> <span class='ocrx_word' id='word_1_177' title='bbox 877 2186 1025 2209; x_wconf 82' lang='lat' dir='ltr'>consere</span> <span class='ocrx_word' id='word_1_178' title='bbox 1045 2173 1206 2209; x_wconf 75' lang='lat' dir='ltr'>dextram</span> <span class='ocrx_word' id='word_1_179' title='bbox 1226 2188 1236 2217; x_wconf 90' lang='lat'>;</span> 
     </span>
     <span class='ocr_line' id='line_1_29' title="bbox 221 2236 1191 2286; baseline 0.002 -12"><span class='ocrx_word' id='word_1_180' title='bbox 221 2236 299 2286; x_wconf 77' lang='lat' dir='ltr'>Hic</span> <span class='ocrx_word' id='word_1_181' title='bbox 317 2237 425 2275; x_wconf 75' lang='lat' dir='ltr'>ctiam</span> <span class='ocrx_word' id='word_1_182' title='bbox 445 2238 628 2276; x_wconf 86' lang='lat' dir='ltr'>inventum</span> <span class='ocrx_word' id='word_1_183' title='bbox 649 2238 792 2277; x_wconf 84' lang='lat' dir='ltr'>Priamo</span> <span class='ocrx_word' id='word_1_184' title='bbox 814 2239 972 2277; x_wconf 78' lang='lat' dir='ltr'>narrabis</span> <span class='ocrx_word' id='word_1_185' title='bbox 992 2239 1191 2277; x_wconf 80' lang='lat' dir='ltr'>Achillem.</span> 
     </span>
    </p>
   </div>
  </div>
 </body>
</html>
