1455 2685
190 327 240 364 lo
499 323 801 368 AENEIDOS
858 324 909 360 V.
1099 337 1132 360 v.
1148 327 1237 369 2212„

191 436 360 487 Impulit.
391 436 461 474 Illa
482 447 570 473 noto
592 436 714 480 citius,
735 434 946 485 volucrique
968 435 1118 486 sagitta,

188 504 260 542 Ad
280 513 412 541 terram
432 503 544 554 fugit,
564 512 602 540 et
623 511 734 553 postu
755 516 792 539 se
808 502 973 539 condidit
993 502 1081 541 alto.

241 572 344 610 Tum
366 580 464 609 satus
486 571 668 614 Anchisa,
689 570 834 607 cunctis
853 584 897 606 ex
919 584 1018 607 more
1039 571 1189 617 vocatis,

188 638 384 677 Victorem
405 651 537 689 magna
557 637 743 687 praeconis
764 651 853 674 voce
874 636 1098 676 Cloanthum

188 705 383 756 Declarat,
404 704 580 754 viridique
600 703 744 741 advelat
763 712 928 754 tempora
951 703 1052 741 lauro
1070 720 1082 750 3

189 772 422 822 Muneraque
443 772 478 808 in
500 771 597 808 navis
611 780 735 808 ternos
749 780 879 820 optare
894 773 1082 821 juvencos,

188 838 375 889 Vinaque,
395 846 433 876 et
453 838 598 889 argenti
617 851 789 889 magnum
809 837 871 874 dat
892 836 985 874 ferre
1004 837 1195 874 talentum.

188 906 286 956 Ipsis
304 906 523 956 praecipuos
543 905 759 942 ductoribus
774 904 877 941 addit
896 904 1051 941 honores
1069 919 1079 941 :

185 972 335 1010 Victori
354 972 587 1023 chlamydem
606 981 782 1015 auratam,
802 984 910 1020 quam
930 970 1085 1021 plurima
1104 970 1242 1014 circum

187 1039 356 1088 Purpura
376 1038 568 1075 maeandro
589 1038 728 1088 duplici
749 1037 935 1075 Meliboea
953 1037 1141 1083 cucurrit3

188 1105 434 1155 Intextusque
454 1119 547 1155 puer
574 1104 744 1141 frondosa
763 1105 886 1154 regius
907 1105 976 1140 Ida

185 1170 338 1209 Velocis
352 1170 475 1223 jaculo
495 1185 621 1208 cervos
641 1185 823 1221 cursuque
838 1170 973 1222 fatigat

185 1239 306 1282 Acer,
335 1237 517 1276 anhelanti
538 1237 687 1284 similis;
717 1251 825 1288 quem
845 1251 997 1288 praepes
1016 1237 1061 1274 ab
1084 1237 1151 1274 Ida

188 1304 395 1343 Sublimem
415 1303 572 1355 pedibus
591 1304 712 1354 rapuit
732 1305 833 1343 Jovis
853 1305 1011 1356 armiger
1030 1306 1132 1343 uncis
1149 1321 1160 1344 :

173 1366 381 1423 'Longaevi
400 1371 537 1422 palmas
558 1371 804 1422 nequidquam
824 1371 870 1408 ad
891 1372 1006 1408 sidera
1025 1372 1183 1409 tendunt

185 1438 398 1483 Custodes3
427 1437 613 1488 saevitque
633 1451 764 1475 canum
782 1437 935 1474 latratus
955 1438 990 1474 in
1014 1452 1131 1476 auras.

184 1505 262 1553 At,
283 1505 346 1554 qui
366 1504 495 1541 deinde
515 1505 638 1541 locum
657 1505 774 1541 tenuit
790 1504 926 1541 virtute
946 1506 1160 1550 secundum,

185 1571 349 1610 Levibus
368 1571 455 1608 huic
475 1571 590 1608 hamis
611 1581 816 1608 consertam
837 1585 998 1622 auroque
1016 1572 1172 1610 trilicem

183 1638 373 1687 Loricam,
393 1651 502 1688 quam
523 1637 708 1675 Demoleo
729 1638 937 1676 detraxerat
957 1639 1034 1689 ipse

182 1705 320 1744 Victor
337 1705 436 1756 apud
455 1705 624 1754 rapidum
646 1704 834 1742 Simoenta
862 1706 928 1742 sub
952 1705 1022 1742 llio
1041 1705 1133 1751 alto,

181 1772 315 1812 Donat
334 1772 469 1809 habere
488 1771 579 1815 viro,
599 1771 712 1808 decus
729 1781 765 1808 et
786 1780 952 1810 tutamen
973 1771 1008 1808 in
1028 1772 1147 1809 armis.

181 1838 258 1877 Vix
277 1837 374 1875 illam
394 1837 533 1882 famuli,
557 1838 729 1889 Phegeus
750 1838 984 1890 Sagarisque,
1004 1838 1171 1876 ferebant

182 1904 448 1955 Multiplicem,
468 1905 615 1942 connixi
635 1905 794 1942 humeris
812 1920 821 1943 ς
844 1906 993 1942 indutus
1012 1915 1049 1943 at
1070 1904 1156 1943 olim

181 1971 384 2011 Demoleos
404 1986 513 2010 cursu
533 1971 687 2023 palantis
708 1974 828 2011 Troas
849 1973 998 2024 agebat.

169 2030 314 2076 *Tertia
332 2039 429 2076 dona
449 2038 538 2076 facit
557 2040 724 2091 geminos
745 2054 789 2077 ex
811 2054 890 2077 aere
910 2039 1061 2084 lebetas,

181 2104 414 2156 Cymbiaque
433 2117 587 2158 argento
607 2107 786 2157 perfecta,
806 2116 916 2157 atque
935 2119 1061 2156 aspera
1082 2106 1206 2157 signis.

233 2172 388 2223 Jamque
408 2173 499 2211 adeo
520 2174 645 2211 donati
664 2188 802 2218 omnes,
822 2174 1029 2224 opibusque
1049 2173 1208 2224 superbi,

181 2239 350 2291 &uniceis
369 2240 472 2280 ibant
491 2241 625 2280 evincti
644 2250 812 2294 tempora
830 2240 958 2279 taeniis
974 2256 985 2286 3
