1455 2685
165 325 199 352 v.
217 314 308 352 802.
480 308 782 349 AENEIDOS
840 309 916 347 ΧΙ.
1141 311 1221 347 215

167 424 249 464 Nec
268 423 422 468 sonitus,
441 435 593 467 memor,
608 433 672 459 aut
687 420 862 459 venientis
877 421 922 458 ab
939 420 1082 458 aethere
1096 419 1161 458 teli
1174 436 1190 466 3

166 491 291 530 Hasta
310 491 377 529 sub
396 498 576 528 exsertam
595 489 712 526 donec
729 487 867 538 perlata
887 486 1058 538 papillam

165 558 318 603 Haesit,
346 557 621 610 virgineumque
640 555 712 592 alte
731 554 825 592 bibit
845 564 929 593 acta
947 569 1127 593 cruorem.

165 626 404 664 Concurrunt
418 623 583 674 trepidae
597 622 764 667 comites,
780 622 1038 672 dominamque
1054 632 1215 660 ruentem

166 692 391 745 Suscipiunt.
423 690 539 742 Fugit
559 699 642 727 ante
662 689 779 730 omnis
797 689 994 727 exterritus
1008 690 1172 734 Arruns,

164 758 342 805 Laetitia,
360 757 552 807 mixtoque
573 764 672 793 metu
690 771 702 801 3
723 770 788 793 nec
803 758 878 808 jam
892 755 1046 807 amplius
1064 757 1190 795 hastae

162 825 336 869 Credere,
364 838 430 862 nec
450 823 533 862 telis
551 837 745 861 occurrere
765 823 927 875 virginis,
946 824 1071 862 audet.

161 892 241 937 Ac,
260 891 360 930 velut
378 891 453 937 ille,
472 891 573 941 prius
593 903 702 941 quam
723 890 795 928 tela
812 891 954 929 inimica
978 901 1189 942 sequantur,

161 959 350 999 Continuo
369 958 405 995 in
425 957 558 995 montis
577 971 654 995 sese
673 958 773 994 avius
792 958 935 996 abdidit
954 958 1062 1004 altos,

163 1026 299 1064 Occiso
320 1034 479 1076 pastore,
497 1024 619 1075 lupus,
634 1038 813 1077 magnove
827 1027 1001 1076 juvenco,

161 1092 340 1131 Conscius
359 1091 503 1130 audacis
522 1091 626 1136 facti,
645 1092 872 1142 caudamque
892 1093 1095 1132 remulcens

163 1160 330 1212 Subjecit
348 1160 571 1210 pavitantem
591 1168 711 1204 utero,
731 1159 909 1210 silvasque
928 1161 1058 1210 petivit
1076 1176 1086 1199 ε

161 1226 279 1265 Haud
298 1240 400 1264 secus
419 1240 464 1263 ex
484 1225 601 1264 oculis
622 1240 658 1263 se
670 1226 839 1264 turbidus
858 1226 1009 1264 abstulit
1024 1228 1186 1273 Arruns,

161 1293 440 1343 Contentusque
459 1292 551 1344 fuga
570 1293 694 1331 mediis
714 1307 750 1331 se
769 1292 965 1331 immiscuit
985 1295 1104 1334 armis.

162 1358 233 1396 Illa
251 1373 360 1397 manu
379 1359 534 1398 moriens
553 1360 667 1398 telum
690 1360 803 1398 trahit
821 1375 830 1398 ε
861 1374 943 1398 ossa
957 1361 1021 1398 sed
1040 1362 1133 1399 inter

161 1426 315 1465 Ferreus
332 1427 379 1464 ad
397 1437 516 1465 costas
537 1427 611 1464 alto
633 1436 706 1465 stat
727 1427 873 1465 volnere
894 1442 1033 1466 mucro.

160 1493 322 1532 Labitur
338 1495 532 1546 exsanguis
549 1509 561 1540 3
589 1494 764 1532 labuntur
782 1494 918 1546 frigida
936 1494 1012 1533 leto

160 1561 320 1599 Lumina
339 1577 350 1607 ;
379 1575 585 1612 purpureus
605 1561 788 1611 quondam
817 1561 920 1598 color
938 1576 1001 1599 ora
1021 1562 1182 1614 reliquit.

159 1627 262 1665 Tum
283 1627 333 1665 sic
353 1628 540 1678 exspirans
559 1629 722 1672 Accam,
742 1642 787 1666 cx
807 1628 1018 1678 aequalibus
1037 1644 1158 1675 unam,

159 1694 394 1745 Alloquitur,
414 1695 487 1732 fida
505 1706 588 1732 ante
608 1695 692 1732 alias
708 1709 800 1746 quae
820 1695 895 1733 sola
915 1696 1104 1741 Camillae,

158 1762 321 1811 Quicum
341 1762 450 1812 patiri
470 1776 573 1799 curas
591 1778 602 1808 ;
631 1772 742 1813 atque
762 1762 851 1800 haec
872 1763 922 1799 ita
941 1763 1042 1800 fatur
1059 1779 1069 1801 :

159 1828 369 1874 Hactenus,
388 1829 498 1867 Acca
513 1843 626 1874 soror,
643 1829 767 1879 potui:
786 1844 881 1867 nunc
896 1830 1022 1868 volnus
1039 1833 1208 1871 acerbum

158 1895 334 1940 conficit,
349 1905 386 1934 et
402 1897 560 1934 tenebris
575 1896 785 1948 nigrescunt
798 1898 917 1934 omnia
933 1898 1005 1936 circ
1013 1913 1082 1937 um.

160 1962 313 2013 Effuge,
331 1971 370 2001 et
385 1962 475 2001 haec
492 1963 624 2002 Turno
641 1965 809 2002 mandata
824 1965 1013 2003 novissima
1031 1967 1151 2016 perfer
1166 1984 1177 2006 :

160 2030 345 2068 Succedat
363 2044 520 2081 pugnae,
541 2029 796 2082 Trojanosque
816 2041 936 2069 arceat
958 2034 1060 2071 urbe.

158 2097 313 2146 Jamque
331 2096 407 2134 vale
423 2099 431 2136 !
466 2097 582 2136 Simul
602 2097 657 2135 his
676 2098 784 2136 dictis
803 2098 990 2149 linquebat
1011 2100 1182 2147 habenas,

161 2162 230 2199 Ad
250 2171 381 2201 terram
401 2178 472 2202 non
494 2174 624 2215 sponte
645 2165 770 2203 fluens.
800 2166 902 2204 Tum
922 2165 1054 2218 frigida
1073 2177 1156 2206 toto

161 2229 355 2269 Paullatim
373 2231 528 2270 exsolvit
549 2246 584 2270 se
603 2247 770 2284 corpore,
804 2233 973 2284 lentaque
993 2234 1099 2275 colla.
