1455 2685
191 320 226 349 v.
241 312 333 350 662.
522 307 825 347 AENEIDOS
880 308 931 346 V.
1183 299 1236 346 25'

189 421 412 473 Conjiciunt.
447 420 554 458 Furit
572 419 734 457 immissis
754 419 939 457 Volcanus
958 418 1106 456 habenis

189 487 368 525 Transtra
388 501 465 537 per,
492 496 530 524 et
549 500 679 529 remos,
697 494 734 522 et
755 486 872 535 pictas
891 486 1009 524 abiete
1029 473 1176 534 puppis.

227 554 389 591 Nuntius
402 553 590 591 Anchisae
605 552 650 589 ad
663 551 1068 600 tumulum‚cuneosque
1083 550 1232 595 theatri,

190 621 358 658 Incensas
377 619 514 670 perfert
533 619 630 655 navis
651 617 826 655 Eumelus
844 632 854 656 ε
883 625 920 654 et
939 618 1008 668 ipsi

191 686 410 736 Respiciunt
428 695 542 723 atram
561 686 597 722 in
617 684 739 721 nimbo
759 683 908 721 volitare
928 682 1096 721 favillam.

188 752 332 790 Primus
351 762 388 790 et
408 752 605 796 Ascanius,
634 765 760 788 cursus
780 759 821 787 ut
839 750 956 787 laetus
974 749 1151 800 equestris

190 818 380 862 Ducebat,
409 819 458 856 sic
477 832 560 856 acer
578 832 674 868 equo
694 818 842 855 turbata
861 816 992 867 petivit

189 886 318 924 Castra
337 902 347 931 ς
376 900 441 923 nec
459 886 638 923 exanimes
659 893 810 934 possunt
830 884 982 920 retinere
1001 882 1177 934 magistri.

190 953 288 1009 Quis
297 952 398 990 furor
411 953 476 990 iste
490 954 619 991 novus?
634 966 706 1001 quo
720 964 909 1000 nunc‚quo
923 950 1084 993 tenditis,
1100 948 1233 999 inquit,

197 1019 287 1056 Heu
305 1022 312 1057 !
338 1020 484 1056 miserae
498 1019 592 1056 cives
610 1019 622 1056 ?
637 1032 705 1054 non
721 1017 874 1058 hostem2
890 1017 1103 1066 inimicaque
1117 1024 1235 1052 castra

193 1085 402 1136 Argivum3
433 1095 564 1123 vestras
584 1098 664 1134 spes
684 1085 796 1122 uritis.
828 1084 887 1121 En
906 1086 914 1120 !
938 1097 1008 1134 ego
1028 1093 1146 1120 vester

190 1152 388 1188 Ascanius.
420 1152 574 1190 Galeam
595 1161 677 1188 ante
697 1152 806 1201 pedes
827 1151 980 1201 projecit
1000 1150 1152 1194 inanem,

190 1219 273 1268 Qua
295 1218 381 1255 ludo
402 1218 548 1255 indutus
568 1218 653 1255 belli
682 1217 868 1254 simulacra
887 1217 1018 1252 ciebat.

188 1284 390 1322 Accelerat
409 1284 514 1321 simul
535 1285 695 1329 Aeneas,
716 1283 819 1320 simul
840 1283 983 1333 agmina
1003 1281 1208 1320 Teucrum.-

189 1352 266 1389 Ast
287 1351 367 1389 illae
387 1352 523 1388 diversa
543 1359 641 1387 metu
662 1364 727 1399 per
748 1349 871 1386 littora
890 1349 1021 1399 passim

190 1418 405 1469 Diffugiunt
421 1435 432 1464 ;
461 1417 651 1467 silvasque,
671 1427 709 1453 et
728 1417 841 1453 sicubi
861 1429 1018 1452 concava
1037 1414 1163 1452 furtim

191 1486 298 1528 Saxa,
320 1493 464 1534 petunt.
495 1485 604 1535 Piget
623 1484 772 1534 incepti,
792 1483 978 1532 lucisque;
1009 1496 1166 1531 suosque

190 1551 363 1590 Mutatae
379 1560 598 1602 agnoscunt,
617 1564 838 1600 excussaque
853 1559 1001 1599 pectore
1022 1549 1118 1586 Juno
1138 1557 1205 1586 est.

192 1619 265 1657 Sed
285 1632 354 1654 non
375 1618 510 1654 idcirco
532 1617 691 1654 flammae
711 1626 820 1666 atque
840 1616 1001 1653 incendia
1022 1615 1109 1651 vires

192 1687 394 1724 Indomitas
414 1699 566 1735 posuere
585 1699 594 1722 :
626 1684 699 1720 udo
720 1684 786 1720 sub
809 1684 935 1720 robore
955 1683 1042 1719 vivit
1082 1732 1086 1735 Ι

192 1755 350 1803 Stuppa,
372 1765 516 1789 vomens
535 1752 679 1788 tardum
700 1749 839 1787 fumum
856 1767 866 1795 ς
896 1749 1086 1798 lentusque
1098 1748 1236 1786 carinas

191 1821 261 1858 Est
283 1834 406 1870 vapor,
435 1828 471 1856 et
491 1827 573 1856 toto
594 1817 778 1854 descendit
798 1830 951 1866 corpore
971 1816 1080 1866 pestis
1097 1831 1111 1860 ;

190 1887 271 1925 Nec
292 1886 380 1923 vires
400 1886 550 1922 heroum
570 1883 759 1933 infusaque
781 1883 924 1920 fiumina
946 1892 1111 1931 prosunt.

242 1952 343 1990 Tum
364 1952 444 2002 pius
466 1952 610 1989 Aeneas
629 1951 786 1987 humeris
803 1949 1010 1986 abscindere
1031 1958 1180 1993 vestem,

190 2019 420 2069 Auxilioque
440 2032 568 2055 vocare
587 2018 687 2061 deos,
706 2026 744 2054 et
765 2016 911 2053 tendere
933 2015 1066 2065 palmas
1084 2030 1094 2052 :

190 2085 335 2135 Jup3ter
353 2085 596 2134 omnipotens,
618 2085 646 2120 si
667 2084 826 2119 nondum
846 2096 976 2119 exosus
996 2082 1042 2118 ad
1071 2094 1181 2118 unum

191 2151 386 2201 Troianos,
415 2151 443 2188 si
471 2151 559 2201 quid
578 2150 694 2200 pietas
714 2150 860 2200 antiqua
882 2149 1022 2185 labores

196 2218 358 2266 Respicit
378 2218 578 2264 humau033
607 2218 653 2255 da
673 2217 851 2255 flammam
870 2216 1019 2254 evadere
1038 2213 1147 2252 classi*

245 2285 360 2323 Tom.
393 2285 449 2321 ΙΙ.
719 2283 763 2321 Ι)
