1455 2685
229 352 254 388 2
533 351 835 392 AENEIDOS
891 355 943 392 V.
1163 371 1196 394 v.
1218 360 1278 396 18.

229 465 431 515 Spondeat‚
451 465 522 504 hoc
544 481 681 516 sperem
705 467 848 505 Italiam
868 467 1079 520 contingere
1107 469 1224 508 coelo.

227 533 370 571 Mutati
390 543 590 571 transversa
608 533 766 571 fremunt
786 542 823 571 et
844 548 991 584 vespere
1011 536 1056 572 ab
1076 545 1156 573 atro

225 601 463 651 Consurgunt
484 600 594 645 venti,
615 610 726 651 atque
744 601 778 637 in
799 602 931 638 nubem
951 601 1100 652 cogitur
1118 604 1205 641 ae'r:

224 667 306 706 Nec
327 682 391 705 nos
409 667 526 705 obniti
546 678 686 710 contra,
707 682 773 706 nec
792 668 939 705 tendere
959 677 1116 713 tantum,

223 734 446 773 sufficimus.
478 736 636 784 Superat
657 735 827 784 quoniam
849 735 1026 779 Fortuna.
1055 750 1246 786 sequamur
1265 753 1276 782 ;

223 802 385 851 Quoque
406 809 525 844 vocat,
547 810 727 838 vertamus
747 801 827 839 iter.
865 802 945 839 Nec
966 802 1091 839 littora
1111 802 1221 855 longe

224 867 315 905 Fida
334 881 415 904 reor
435 867 594 904 fraterna
615 867 761 917 Erycis,
792 875 992 917 portusque
1015 868 1164 906 Sicanos
1181 885 1194 914 3

222 934 262 971 Si
283 935 392 971 modo
413 934 481 971 rite
501 948 639 971 memor
657 942 795 971 servata
815 935 985 971 remetior
1004 944 1111 973 astra.

219 1000 322 1037 Tum
344 1000 425 1049 pius
446 1002 593 1038 Aeneas
610 1016 619 1038 :
654 1001 839 1051 Equidem
861 1001 911 1038 sic
931 1015 1080 1050 poscere
1100 1010 1228 1040 ventos

217 1068 454 1111 Jamdudum‚
473 1077 509 1104 et
530 1067 665 1104 frustra
685 1081 794 1104 cerno
813 1076 851 1104 te
871 1067 1017 1104 tendere
1037 1078 1177 1106 contra.

218 1133 346 1172 Flecte
367 1133 459 1170 viam
478 1133 576 1170 velis.
607 1133 673 1170 An
696 1133 741 1170 sit
760 1133 847 1170 mihi
867 1134 1009 1184 gratior
1027 1134 1114 1179 ulla,

220 1201 352 1249 Quove
373 1200 487 1250 magis
507 1199 615 1236 fessas
641 1208 767 1249 optem
787 1200 978 1237 demittere
999 1201 1110 1246 navis,

217 1269 340 1317 Quam
363 1281 454 1317 quae
476 1266 706 1304 Dardanium
720 1266 828 1304 tellus
843 1267 930 1304 mihi
951 1276 1069 1304 servat
1087 1267 1269 1315 Acesten,

218 1334 272 1372 Et
294 1334 406 1383 patris
425 1333 615 1371 Anchisae
635 1334 782 1385 gremio*
802 1333 1064 1383 complectitur
1082 1348 1162 1372 ossa
1178 1337 1192 1374 ?

216 1402 327 1440 Haec
348 1401 410 1439 ubi
429 1401 540 1445 dicta,
575 1409 708 1450 petunt
726 1409 869 1450 portus,
899 1409 935 1437 et
957 1400 1033 1437 vela
1053 1402 1202 1439 secundi

214 1469 419 1506 Intendunt
439 1467 605 1517 Zephyri
623 1482 634 1512 ;
663 1464 780 1503 ¹fertur
798 1466 871 1503 cita
899 1466 1047 1518 gurgite
1065 1467 1186 1506 classis
1200 1485 1212 1515 5

214 1535 269 1573 Et
290 1536 435 1572 tandem
455 1533 540 1571 laeti
560 1542 670 1571 notae
690 1534 930 1570 advertuntur
948 1547 1086 1572 arenae.

266 1603 341 1646 At,
361 1600 493 1651 procul
511 1599 654 1637 excelso
675 1600 824 1637 miratus
843 1600 979 1637 vertice
998 1601 1132 1638 montis

212 1669 433 1707 Adventum
454 1667 642 1717 sociasque
660 1675 768 1711 rates,
787 1665 948 1703 occurrit
967 1668 1142 1712 Acestes,

212 1735 413 1777 Horridus,
433 1734 467 1770 in
481 1732 610 1784 jaculis
629 1741 666 1770 et
686 1732 780 1782 pelle
801 1732 1006 1783 Libystidis
1026 1747 1127 1771 ursae
1147 1748 1158 1771 :

212 1802 344 1845 Troia,
365 1800 522 1839 Crimiso
542 1807 763 1849 conceptum
784 1798 944 1843 flumine,
964 1809 1080 1837 mater

211 1870 334 1918 Quem
354 1866 494 1918 genuit.
525 1867 705 1903 Veterum
717 1879 789 1902 non
808 1865 1011 1910 immemor,
1039 1865 1113 1911 ille,
1137 1880 1266 1917 paren-

211 1934 395 1973 Gratatur
414 1932 576 1977 reduces,
596 1941 633 1969 et
649 1946 743 1983 gaza
761 1932 878 1970 laetus
897 1932 1034 1983 agresti
1148 1936 1263 1984 [tum‚

208 1999 379 2049 Excipit,
408 2013 448 2036 ac
469 1998 581 2036 fessos
600 1998 732 2048 opibus
753 1998 891 2036 solatur
910 1997 1046 2036 amicis-

261 2066 414 2103 Postera
435 2079 545 2116 quum
565 2066 682 2115 primo
703 2065 824 2103 stellas
848 2064 986 2102 oriente
1005 2064 1155 2116 fugarat

205 2132 313 2171 Clara
334 2131 423 2176 dies,
453 2131 569 2168 socios
591 2132 625 2168 in
647 2141 794 2169 coetum
814 2131 939 2168 littore
960 2131 1006 2168 ab
1026 2131 1126 2168 omni

204 2198 382 2236 Advocat
404 2198 566 2242 Aeneas,
585 2198 790 2248 tumulique
803 2212 847 2235 ex
867 2211 1002 2249 aggere
1023 2197 1122 2234 fatur
1138 2213 1149 2235 :

255 2264 490 2304 Dardanidae
510 2264 648 2317 magni,
668 2279 783 2317 genus
804 2265 879 2304 alto
895 2279 914 2302 a
929 2264 1104 2317 sanguine
1120 2263 1261 2309 divom,
