1455 2685
244 314 323 352 218
539 310 844 350 AENEIDOS
901 310 979 349 XI.
1155 325 1189 350 v.
1208 312 1302 354 887.

243 423 414 470 Exclusi,
433 432 516 462 ante
533 423 660 462 oculos
674 423 1000 473 lacrimantumque
1016 435 1080 460 ora
1094 431 1301 474 parentum,

243 493 333 530 Pars
353 492 387 530 in
408 492 617 543 praecipitis
636 491 764 536 fossas,
793 500 949 542 urgente
967 491 1084 536 ruina,

240 559 416 598 Volvitur
433 575 444 605 3
473 558 639 596 immissis
659 572 742 609 pars
756 571 863 595 caeca
883 567 922 595 et
941 557 1086 595 concita
1106 557 1216 597 frenis

237 626 393 665 Arietat
412 626 447 663 in
468 634 607 676 portas,
636 635 688 670 et,
709 626 821 663 duros
841 625 972 677 objice,
994 634 1132 675 postes,

238 694 348 744 Ipsae
367 695 412 731 de
433 694 543 731 muris
564 707 706 731 summo
726 693 923 730 certamine
943 702 1089 738 matres,

242 762 457 815 (Monstrat
476 775 577 798 amor
595 774 700 797 verus
713 758 873 811 patriae)
896 768 938 796 ut
953 759 1075 797 videre
1090 759 1297 807 Camillam,

237 829 333 867 Tela
353 843 461 866 manu
481 828 645 878 trepidae
660 826 802 878 jaciunt
819 842 830 872 3
859 840 901 864 ac
917 828 1048 864 robore
1064 827 1158 864 duro

236 896 435 946 stipitibus
455 894 591 933 ferrum
607 894 831 944 sudibusque
846 893 1036 931 imitantur
1055 894 1211 938 obustis,

234 963 462 1014 Praecipites
480 979 490 1008 ;
521 962 729 1012 primaeque
748 961 840 998 mori
853 975 920 1011 pro
941 961 1129 998 moenibus
1150 961 1291 1000 ardent.

287 1031 447 1075 Interea,
463 1029 635 1067 Turnum
654 1029 689 1066 in
711 1028 806 1066 silvis
827 1028 1050 1066 saevissimus
1068 1027 1198 1079 implet

233 1097 411 1142 Nuntius,
432 1108 469 1135 et
484 1097 607 1149 juveni
627 1096 816 1148 ingentem
836 1095 908 1134 fert
927 1096 1039 1134 Acca
1061 1095 1262 1134 tumultum
1279 1112 1287 1135 :

229 1165 386 1205 Deletas
405 1165 628 1204 Volscorum
647 1164 756 1209 acies,
775 1164 948 1202 cecidisse
968 1163 1174 1210 Camillam,

228 1234 410 1285 Ingruere
430 1233 590 1270 infensos
610 1232 740 1277 hostis,
769 1241 808 1269 et
829 1231 955 1270 Marte
975 1232 1137 1269 secundo

231 1301 369 1340 Omnia
387 1300 604 1351 corripuisse
623 1315 634 1345 ;
664 1309 803 1337 metum
817 1301 891 1351 jam
911 1299 958 1336 ad
977 1298 1118 1336 moenia
1136 1297 1234 1336 ferri.

229 1368 300 1406 Ille
320 1367 457 1412 furens,
476 1376 514 1404 et
534 1381 637 1405 saeva
656 1367 758 1406 Jovis
777 1366 828 1404 sic
849 1366 994 1404 numina
1013 1374 1188 1417 poscunt,

226 1435 380 1474 Deserit
399 1435 565 1472 obsessos
585 1433 702 1478 collis,
722 1447 869 1471 nemora
887 1446 1014 1483 aspera
1031 1432 1179 1483 linquit.

225 1502 303 1540 Vix
323 1517 343 1540 e
362 1511 566 1552 conspectu
585 1501 737 1545 exierat,
758 1514 1003 1551 campumque
1022 1500 1172 1538 tenebat
1190 1515 1201 1545 ;

225 1569 325 1608 Cum
344 1578 450 1619 pater
468 1570 631 1615 Aeneas,
652 1568 763 1606 saltus
781 1568 966 1620 ingressus
984 1576 1147 1617 apertos,

225 1635 515 1686 Exsuperatque
529 1638 677 1688 jugum,
698 1635 859 1686 silvaque
878 1635 1000 1672 evadit
1019 1648 1149 1685 opaca.

225 1703 289 1741 Sic
309 1703 418 1740 ambo
438 1703 484 1739 ad
505 1717 628 1740 muros
648 1703 765 1752 rapidi
781 1711 938 1753 totoque
958 1701 1128 1739 feruntur

221 1769 405 1821 Agmine,
426 1783 492 1807 nec
511 1768 631 1821 longis
650 1770 745 1807 inter
764 1784 800 1807 se
820 1769 987 1820 passibus
1001 1769 1134 1807 absunt
1150 1784 1160 1807 τ

221 1837 289 1875 Ac
310 1835 415 1874 simul
434 1835 583 1873 Aeneas
603 1834 777 1873 fumantis
796 1835 944 1886 pulvere
963 1849 1112 1886 campos

221 1902 419 1953 Prospexit
440 1902 565 1954 longe,
586 1902 862 1954 Laurentiaque
881 1901 1027 1954 agmina
1045 1901 1135 1939 vidit
1152 1916 1162 1947 3

223 1970 278 2009 Et
300 1983 446 2007 saevum
466 1970 622 2007 Aenean
643 1970 794 2021 agnovit
815 1969 966 2006 Turnus
985 1969 1021 2006 in
1040 1968 1161 2013 armis,

219 2037 516 2087 Adventumque
537 2037 672 2086 pedum
693 2037 874 2088 flatusque
894 2035 1033 2073 audivit
1060 2049 1252 2085 equorum.

219 2104 484 2154 Continuoque
504 2104 624 2141 ineant
646 2118 790 2155 pugnas
809 2113 846 2142 et
865 2102 1003 2154 proelia
1021 2111 1165 2141 tentent
1181 2118 1192 2149 ;

219 2171 273 2211 Ni
291 2184 417 2209 roseus
436 2170 550 2209 fessos
563 2173 638 2222 jam
657 2172 810 2223 gurgite
830 2171 1003 2209 Phoebus
1024 2170 1172 2209 Hibero

219 2237 389 2289 Tinguat
411 2252 539 2289 equos,
560 2247 795 2290 noctemque,
816 2239 874 2276 die
892 2237 1052 2283 labente,
1072 2238 1237 2278 reducat.

220 2305 429 2346 Considunt
448 2307 577 2346 castris
595 2316 680 2346 ante
699 2308 842 2353 urbem,
861 2315 901 2346 et
919 2305 1060 2350 moenia
1079 2304 1227 2344 vallant.
