1455 2685
187 280 330 320 v.6o5.
491 275 792 316 AENEIDOS
848 277 923 315 VI.
1187 280 1237 317 55
1286 280 1295 284 ”

192 389 364 442 Regifico
381 387 471 426 luxu
486 403 497 433 ;
529 388 718 426 Furiarum
737 386 891 424 maxima
904 389 1012 439 juxta

189 457 384 501 Accubat,
402 466 440 494 et
459 455 623 492 manibus
642 453 813 504 prohibet
827 453 1042 505 contingere
1060 468 1212 504 mensas,

190 523 444 574 Exsurgitque
464 521 580 559 facem
598 519 782 564 attollens,
802 528 914 569 atque
933 520 1077 558 intonat
1096 536 1171 560 ore.

189 589 284 635 Hic,
312 589 443 640 quibus
462 588 564 625 invisi
583 587 726 631 fratres,
747 587 834 623 dum
853 587 924 624 vita
949 589 1130 635 manebat,

191 655 405 694 Pulsatusve
424 669 566 706 parens,
593 663 631 691 et
660 653 758 691 fraus
778 654 908 691 innexa
927 653 1050 692 clienti
1068 671 1079 702 ;

189 722 277 759 Aut
297 722 361 772 qui
379 722 511 759 divitiis
531 720 597 758 soli
615 720 812 757 incubuere
832 720 997 770 repertis,
1034 735 1036 737 ·

190 788 271 826 Nec
292 796 429 838 partem
441 789 601 838 *posuere
620 787 705 832 suis,
726 801 818 837 quae
833 787 987 824 maxima
1006 788 1112 826 turba
1131 800 1183 827 est
1200 806 1210 836 3

190 855 340 905 Quique
359 855 408 892 ob
427 854 644 892 adulterium
664 853 757 891 caesi
774 869 786 899 ;
816 854 952 904 quique
970 868 1068 893 arma
1086 858 1202 896 secuti

192 922 325 971 Impia,
345 935 410 960 nec
432 922 533 958 veriti
552 921 781 958 dominorum
801 920 925 958 fallere
943 922 1104 968 dextras,

191 988 329 1026 Inclusi
347 1002 498 1039 poenam
517 997 745 1039 exspectant.
776 989 834 1026 Ne
855 1003 986 1039 quaere
1006 990 1142 1036 doceri,

191 1056 314 1105 Quam
330 1069 503 1106 poenam;
518 1064 580 1093 aut
594 1069 686 1106 quae
698 1055 815 1093 forma
829 1056 934 1101 viros,
947 1055 1135 1096 fortunave
1151 1073 1241 1097 mer.

193 1124 328 1175 Saxum
347 1123 473 1174 ingens
493 1122 642 1160 volvunt
661 1123 734 1167 alii,
752 1123 902 1160 radiisve
922 1133 1080 1162 rotarum
1153 1128 1238 1178 [sit.

190 1189 365 1226 Districti
385 1189 544 1238 pendent
563 1205 573 1235 ;
603 1190 704 1227 sedet
724 1198 981 1240 aeternumque
1015 1192 1155 1230 sedebit

193 1255 326 1294 Infelix
347 1256 542 1301 Theseus;
573 1255 830 1307 Phlegyasque
850 1257 1065 1295 miserrimus
1085 1261 1200 1297 omnis

192 1323 399 1368 Admonet,
427 1332 464 1360 et
485 1336 616 1374 inagna
636 1332 791 1360 testatur
810 1337 897 1361 voce
916 1338 982 1373 per
1001 1326 1143 1364 umbras
1162 1342 1171 1364 ε

193 1399 218 1418 “
240 1390 385 1428 Discite
401 1389 578 1441 justitiam
598 1388 738 1434 moniti,
767 1398 804 1426 et
825 1404 894 1426 non
914 1399 1072 1429 temnere
1094 1394 1240 1432 divos.''

191 1457 368 1494 Vendidit
387 1457 446 1494 hic
465 1470 552 1494 auro
573 1457 739 1507 patriam,
773 1457 1032 1509 dominumque
1052 1469 1240 1509 potentem

193 1523 402 1573 Imposuit;
432 1523 512 1560 fixit
532 1522 631 1574 leges
652 1524 786 1573 pretio,
806 1532 916 1574 atque
936 1525 1068 1563 refixit.

193 1589 272 1628 Hic
292 1588 489 1626 thalamum
509 1590 637 1627 invasit
652 1599 769 1635 natae,
790 1590 995 1640 vetitosque
1009 1591 1238 1641 hymenaeos.

194 1655 292 1692 Ausi
311 1669 435 1694 omnes
454 1655 607 1693 immane
628 1655 740 1701 nefas,
769 1670 929 1707 ausoque
953 1658 1077 1708 potiti.

194 1723 293 1768 Non,
314 1722 401 1760 mihi
419 1723 447 1760 si
462 1722 606 1774 linguae
625 1732 773 1760 centum
793 1723 877 1768 sint,
898 1738 1033 1775 oraque
1053 1737 1214 1774 centum,

195 1792 327 1829 Ferrea
347 1804 432 1835 vox,
459 1790 575 1828 omnis
596 1790 770 1828 scelerum
789 1793 1047 1841 comprendere
1067 1793 1215 1841 formas,

192 1857 327 1896 Omnia
345 1870 544 1908 poenarum
563 1870 770 1908 percurrere
790 1858 947 1902 nomina,
969 1861 1118 1910 possim.

248 1924 357 1962 Haec
378 1924 439 1962 ubi
460 1924 560 1962 dicta
579 1923 678 1961 dedit
696 1923 836 1962 Phoebi
852 1924 1028 1976 longaeva
1048 1930 1242 1977 saeerd0s;

198 1993 350 2043 Sedjam
363 2005 559 2043 age,carpe
571 1991 674 2035 viam,
683 2001 720 2028 et
733 2001 942 2042 susceptum
953 1994 1085 2044 persice
1100 2010 1241 2044 munus,

196 2057 472 2102 Acceleremus,
500 2058 574 2096 ait:
605 2057 815 2108 Cyclopum
835 2059 968 2096 educta
990 2063 1138 2099 caminis

197 2123 347 2161 Moenia
364 2124 565 2175 conspicio,
585 2133 695 2174 atque
716 2126 864 2163 adverso
885 2125 1023 2164 fornice
1042 2138 1180 2176 portus,

199 2189 307 2229 Haec
328 2192 391 2230 ubi
411 2206 475 2230 nos
496 2201 690 2245 praecepta
704 2194 834 2243 jubent
854 2194 1035 2246 deponere
1054 2195 1159 2235 dona.
