1455 2685
183 384 217 409 v.
238 372 325 409 159.
505 367 808 408 AENEIDOS
865 370 918 407 X.
1158 374 1234 411 159

184 480 265 520 Hic
285 493 437 532 magnus
457 479 559 518 sedet
579 480 743 524 Aeneas,
771 493 967 531 secumque
985 481 1126 519 volutat

185 546 353 584 Eventus
372 545 459 584 belli
479 546 594 582 varios
612 560 622 583 ε
654 544 858 595 Pallasque,
878 545 1022 583 sinistro

183 612 337 651 Affixus
355 612 473 658 lateri,
495 615 570 664 jam
591 612 735 663 quaerit
753 612 883 657 sidera,
912 626 1047 663 opacae

184 679 319 718 Noctis
338 680 432 726 iter-3
457 682 544 731 jam,
573 693 666 730 quae
685 693 812 730 passus
831 688 1000 730 terraque
1020 680 1193 731 marique.

237 747 393 786 Pandite
405 761 499 784 nunc
517 746 714 794 Helicona,
729 747 830 792 deae,
846 756 1048 798 cantusque
1061 757 1203 786 movete
1221 764 1234 793 ;

184 815 292 865 Quae
311 813 436 851 manus
455 814 592 852 interea
610 814 746 852 Tuscis
770 814 970 851 comitetur
989 815 1034 851 ab
1056 814 1127 851 oris

183 881 356 926 Aenean,
384 890 572 931 armetque
593 889 700 926 rates,
728 881 933 932 pelagoque
953 881 1115 920 vehatur.

238 947 420 986 Massicus
439 956 560 985 aerata
579 948 747 998 princeps
767 956 863 985 secat
883 961 1041 998 aequora
1068 948 1182 1000 tigri3

186 1014 264 1052 Sub
286 1028 361 1064 quo
380 1014 476 1051 mille
495 1028 620 1052 manus
636 1017 824 1066 juvenum,
841 1015 904 1065 qui
920 1015 1058 1052 moenia
1078 1016 1196 1061 Clusi,

185 1081 335 1131 Quique
354 1082 482 1119 urbem
501 1081 640 1132 liquere
661 1082 774 1120 Cosas
793 1096 802 1120 :
835 1084 920 1132 quis
948 1082 1021 1120 tela
1041 1084 1196 1135 sagittae

185 1147 392 1199 Corytique
412 1149 506 1186 leves
526 1149 697 1194 humeris,
715 1158 753 1186 et
768 1148 888 1186 letifer
906 1163 1022 1187 arcus.

187 1216 273 1253 Una
292 1224 418 1253 torvus
439 1216 548 1253 Abas
564 1231 574 1254 :
611 1216 695 1253 huic
716 1224 837 1253 totum
855 1216 1058 1267 insignibus
1077 1216 1185 1253 armis

186 1282 353 1333 Agmen‚
381 1292 418 1320 et
439 1292 566 1320 aurato
587 1282 753 1334 fulgebat
774 1281 952 1332 Apolline
972 1282 1120 1332 puppis.

187 1349 391 1386 sexcentos
411 1348 462 1386 illi
483 1350 631 1387 dederat
654 1350 860 1400 Populonia
880 1358 994 1386 mater

186 1416 376 1467 Expertos
396 1416 480 1454 belli
496 1419 645 1468 juvenes
662 1432 671 1454 :
702 1425 758 1454 ast
782 1416 859 1453 Ilva
878 1425 1060 1453 trecentos

187 1482 325 1527 Insula,
354 1482 577 1520 inexhaustis
597 1483 811 1534 Chalybum
831 1496 1007 1534 generosa
1026 1482 1191 1520 metallis,

186 1550 352 1594 Tertius,
380 1549 439 1587 ille
459 1550 646 1587 hominum
665 1550 858 1599 divomque
875 1550 1064 1599 interpreS,
1084 1549 1237 1600 Asylas,

188 1616 260 1655 Cui
280 1618 464 1667 pecudum
485 1617 609 1661 fibrae,
629 1616 720 1654 coeli
740 1616 800 1654 cui
820 1617 935 1654 sidera
950 1626 1091 1667 parent,

190 1684 243 1722 Et
262 1683 410 1736 linguae
430 1683 633 1728 volucrum,
652 1692 689 1721 et
709 1683 874 1735 praesagi
894 1683 1054 1721 fulminis
1068 1684 1187 1736 ignes,

193 1750 298 1789 Mille
319 1751 429 1801 rapit,
450 1751 578 1788 densos
597 1751 673 1788 acie
692 1761 802 1801 atque
822 1751 1054 1789 horrentibus
1074 1752 1199 1789 hastis.

191 1818 277 1856 Hos
298 1831 423 1870 parere
438 1820 584 1870 jubent,
604 1818 778 1869 Alpheae
798 1819 844 1856 ab
863 1819 1017 1870 origine,
1039 1820 1156 1864 Pisae,

191 1886 294 1925 Urbs
314 1886 475 1924 Etrusca
495 1886 586 1922 solo.
618 1885 795 1935 Sequitur
813 1885 1080 1936 pulcherrimus
1103 1887 1240 1931 Astur,

192 1953 320 1990 Astur
337 1966 434 2003 equo
455 1953 582 1997 fidens,
601 1963 638 1990 et
655 1952 931 1990 versicoloribus
950 1953 1067 1990 armis.

189 2018 418 2058 Tercentum
438 2020 626 2072 adjiciunt,
657 2034 755 2058 mens
775 2020 944 2057 omnibus
964 2033 1033 2056 una
1054 2019 1240 2070 sequendi,

192 2087 268 2136 Qui
288 2088 440 2126 Caerete
460 2087 585 2131 domo,
605 2088 668 2138 qui
689 2096 773 2125 sunt
796 2086 971 2125 Minionis
991 2087 1025 2123 in
1046 2089 1151 2130 arvis,

194 2154 247 2192 Et
269 2154 384 2205 Pyrgi
405 2163 556 2199 veteres,
577 2155 888 2205 intempestaeque
910 2155 1121 2194 Graviscae.

246 2221 331 2259 Non
352 2236 424 2273 ego
444 2232 495 2266 tc,
518 2223 702 2274 Ligurum
724 2223 870 2266 ductor,
892 2221 1084 2259 fortissime
1104 2221 1215 2265 bello.

194 2287 429 2334 Transierim,
457 2290 594 2338 Cinyra
613 2305 622 2334 ;
652 2299 702 2334 et,
722 2289 846 2340 paucis
867 2290 1054 2334 comitate,
1075 2289 1242 2339 Cupuvo,
