1455 2685
222 363 301 401 252
487 362 789 401 AENEIDOS
847 362 948 400 XII.
1125 377 1159 401 v.
1178 366 1268 402 911.

220 473 451 512 succidimus
469 490 479 520 ;
510 490 580 512 non
601 475 725 527 lingua
745 475 856 518 valet,
877 489 948 512 non
969 489 1120 524 corpore
1135 485 1244 513 notae

219 540 414 578 Sufficiunt
432 542 535 585 vires,
556 556 621 579 nec
643 555 712 579 vox
732 551 795 578 aut
818 542 924 578 verba
945 552 1171 592 sequuntur:

218 607 280 645 Sic
300 607 445 651 Turno,
467 622 698 658 quacumque
718 608 808 644 viam
833 608 968 645 virtute
988 608 1133 658 petivit,

217 674 432 711 Successum
454 675 520 711 dea
540 675 615 711 dira
636 684 758 725 negat.
790 674 891 711 Tum
912 682 1064 725 pectore
1089 689 1212 712 sensus

213 739 422 777 vertuntur
440 741 539 778 varii.
573 741 735 778 Rutulos
755 742 961 791 adspectat,
980 750 1018 778 et
1038 742 1167 778 urbem
1186 756 1197 786 ;

211 805 493 857 Cunctaturque
512 817 626 851 metu,
647 807 835 858 telumque
849 809 984 845 instare
1003 808 1180 844 tremiscit
1198 822 1208 844 :

211 872 307 918 Nec,
337 888 410 924 quo
431 888 466 911 se
485 875 628 924 eripiat,
656 889 737 919 nec,
762 888 834 924 qua
853 875 886 911 vi
905 875 1032 911 tendat
1051 875 1085 911 in
1106 875 1264 918 hostem,

210 940 294 978 Nec
312 955 438 978 currus
459 955 610 991 usquam
632 941 744 985 videt,
765 940 972 992 aurigamve
991 955 1163 979 sororem.

262 1007 464 1045 Cunctanti
483 1008 596 1045 telum
618 1008 766 1045 Aeneas
786 1007 897 1044 fatale
917 1017 1102 1052 coruscat,

210 1074 374 1111 Sortitus
395 1074 579 1111 fortunam
599 1073 714 1111 oculis
731 1090 742 1118 ;
771 1083 809 1111 et
829 1089 984 1125 corpore
1004 1083 1087 1112 toto

209 1140 364 1178 Eminus
383 1141 584 1192 intorquet.
617 1141 754 1179 Murali
774 1141 918 1179 concita
937 1156 1136 1192 numquam

208 1209 416 1245 Tormento
438 1209 488 1245 sic
509 1221 594 1245 saxa
613 1207 786 1252 fremunt,
805 1222 871 1245 nec
892 1208 1041 1245 fulmine
1060 1209 1153 1246 tanti

205 1275 420 1312 Dissultant
440 1275 614 1326 crepitus.
644 1275 759 1313 Volat
779 1276 848 1313 atri
868 1276 1022 1313 turbinis
1041 1276 1156 1313 instar

207 1341 377 1379 Exitium
397 1342 515 1379 dirum
535 1343 639 1380 hasta
659 1342 778 1379 ferens
796 1359 807 1387 ;
836 1356 989 1393 orasque
1010 1342 1166 1380 recludit

205 1409 381 1454 Loricae,
399 1419 436 1448 et
457 1410 564 1460 clipei
584 1419 767 1447 extremos
787 1409 1033 1460 septemplicis
1061 1411 1159 1448 orbis
1178 1426 1189 1456 ;

205 1475 261 1514 Et
281 1477 437 1514 medium
459 1477 614 1514 stridens
632 1476 763 1514 transit
783 1476 912 1514 femur.
949 1477 1089 1515 Incidit
1107 1477 1202 1515 ictus

205 1543 344 1595 Ingens
364 1545 409 1581 ad
430 1554 579 1587 terram,
599 1542 792 1592 duplicato
808 1543 963 1594 poplite,
983 1544 1150 1582 Turnus.

204 1609 446 1661 Consurgunt
466 1610 607 1661 gemitu
632 1609 764 1647 Rutuli
783 1626 794 1655 ;
823 1618 999 1661 totusque
1018 1611 1176 1662 remugit

205 1675 318 1712 Mons
337 1676 487 1722 circum,
508 1686 544 1714 et
564 1690 691 1714 vocem
709 1676 782 1714 late
798 1690 942 1714 nemora
957 1676 1029 1714 alta
1047 1679 1253 1726 remittunt.

206 1741 288 1787 Ille,
307 1742 452 1779 humilis
473 1743 719 1794 supplexque,
754 1743 881 1780 oculos
914 1743 1154 1795 dextramque
1173 1759 1255 1795 pre-

416 1818 560 1847 cantem

204 1877 443 1921 Protendens,
466 1877 651 1927 Equidem
668 1877 796 1922 merui,
817 1891 882 1915 nec
896 1877 1084 1928 deprecor,
1103 1877 1221 1929 inquit
1239 1893 1252 1924 ς

203 1943 324 1980 Utere
343 1952 440 1981 sorte
457 1954 536 1981 tua.
592 1944 720 1982 Miseri
738 1954 776 1982 te
796 1944 823 1980 si
844 1957 916 1994 qua
933 1945 1093 1994 parentis

202 2008 375 2061 Tangere
394 2025 480 2048 cura
500 2019 624 2061 potest
641 2026 652 2056 ς
683 2025 763 2055 oro,
793 2010 863 2048 fuit
883 2019 921 2048 et
941 2010 1009 2047 tibi
1023 2009 1105 2047 talis

196 2075 388 2123 ‘Anchises
408 2077 565 2127 genitor,
595 2077 722 2115 Dauni
742 2078 909 2115 miserere
927 2086 1092 2114 senectae
1109 2091 1121 2122 ;

204 2141 257 2178 Et
277 2155 348 2186 me,
376 2157 437 2180 seu
458 2158 591 2194 corpus
611 2144 808 2195 spoliatum
828 2143 961 2181 lumine
980 2143 1102 2187 mavis,

206 2208 336 2245 Redde
355 2209 456 2247 meis.
512 2210 659 2255 Vicisti‚
688 2221 725 2248 et
744 2211 880 2248 victum
902 2210 1048 2247 tendere
1068 2209 1206 2260 palmas

203 2275 363 2313 Ausonii
383 2277 499 2315 videre
519 2292 529 2323 3
557 2285 621 2315 tua
640 2287 695 2315 est
717 2277 871 2315 Lavinia
890 2279 1045 2327 conjunx
1066 2292 1082 2316 :-
