1455 2685
164 302 196 326 v.
213 289 304 326 606.
508 284 810 324 AENEIDOS
866 287 918 323 V.
1166 290 1217 326 23

166 398 254 436 Irim
273 399 319 436 de
337 398 442 436 coelo
461 397 558 436 misit
580 398 748 436 Saturnia
766 397 790 436 J
793 411 865 434 uno

166 466 315 504 Iliacam
334 466 380 503 ad
398 464 561 509 classem,
583 475 780 515 ventosque
799 463 959 514 adspirat
978 464 1092 509 eunti,

166 533 291 572 Multa
311 546 469 576 movens,
489 532 645 569 necdum
657 531 846 582 antiquum
866 540 1028 569 saturata
1041 531 1214 570 dolorem.

166 599 250 644 Illa,
277 599 369 636 viam
387 598 547 637 celerans
566 612 631 648 per
650 597 747 636 mille
767 598 951 636 coloribus
973 613 1111 646 arcum,

166 665 270 706 Nulli
289 665 374 709 visa,
402 665 478 703 cito
497 666 658 703 decurrit
677 667 823 703 tramite
843 665 960 717 virgo·

165 733 359 783 Conspicit
379 733 564 784 ingentem
582 746 814 777 concursum,
842 742 881 770 et
900 732 1026 770 littora
1045 733 1190 778 lustrat,

166 800 419 850 Desertosque
439 799 537 837 videt
557 808 701 849 portus,
730 799 955 850 classemque
975 799 1135 838 relictam
1153 816 1163 838 :

165 868 226 906 At
246 867 376 918 procul
394 867 429 904 in
450 866 525 904 sola
544 876 701 904 secretae
722 866 891 905 Troades
919 876 1001 905 acta

166 933 356 972 Amissum
376 934 567 972 Anchisen
583 934 733 979 flebant,
748 943 977 984 cunctaeque
992 933 1216 985 profundum

169 1001 329 1047 Pontum
348 1001 608 1052 adspectabant
630 1001 769 1039 flentes.
801 1001 892 1039 Heu
912 1010 972 1039 tot
992 1002 1083 1039 vada
1106 1001 1206 1040 fessis

170 1068 224 1105 Et
242 1076 387 1105 tantum
406 1081 592 1118 superesse
611 1068 717 1105 maris
733 1071 742 1106 ἔ
776 1078 847 1106 vox
867 1069 1034 1106 omnibus
1054 1083 1136 1106 una.

170 1136 313 1173 Urbem
332 1143 435 1172 orant
451 1150 460 1172 :
491 1135 615 1172 taedet
635 1134 754 1186 pelagi
774 1135 934 1186 perferre
952 1135 1127 1174 laborem.

171 1202 277 1253 Ergo
296 1202 391 1239 inter
409 1202 542 1238 medias
562 1215 652 1246 sese,
682 1202 781 1238 haud
800 1203 926 1253 ignara
945 1203 1115 1246 nocendi,

170 1268 342 1320 Conjicit,
370 1276 408 1306 et
426 1267 629 1318 faciemque
649 1268 736 1306 deae
756 1280 965 1319 vestemque
985 1270 1142 1320 reponit.

171 1336 234 1374 Fit
255 1336 386 1379 Beroe,
416 1333 557 1372 Tmarii
577 1337 733 1386 conjunx
753 1334 929 1387 longaeva
950 1336 1124 1385 Dorycli,

170 1402 243 1441 Cui
262 1415 392 1454 genus,
418 1411 456 1440 et
476 1402 660 1452 quondam
695 1416 840 1446 nomen,
869 1402 1018 1452 natique
1039 1403 1219 1448 fnissent;

171 1470 237 1508 Ac
257 1470 307 1507 sic
327 1469 582 1508 Dardanidum
601 1469 756 1506 mediam
776 1483 813 1506 se
833 1470 1012 1507 matribus
1032 1470 1140 1507 infert
1157 1486 1167 1508 ε

174 1539 210 1576 O
232 1537 394 1582 miserae,
425 1550 514 1587 quas
533 1551 604 1574 non
625 1549 763 1581 manus,
783 1536 916 1587 inquit,
936 1537 1106 1576 Achaica
1125 1538 1222 1576 bello

172 1594 347 1642 Traxerit
366 1605 412 1642 ad
429 1603 543 1642 letum
563 1605 700 1655 patriae
720 1605 788 1642 sub
810 1604 1023 1643 moenibus!
1047 1619 1069 1642 o
1089 1619 1179 1657 gens

175 1671 307 1709 Infelix
323 1674 332 1710 !
364 1671 424 1709 cui
445 1680 481 1709 te
499 1671 612 1709 exitio
643 1672 807 1709 Fortuna
826 1681 981 1710 reservat
1000 1673 1013 1711 ?

176 1739 338 1790 Septima
356 1747 441 1791 post
460 1738 597 1790 Trojae
615 1738 798 1776 excidium
814 1741 888 1791 jam
910 1740 1062 1777 vertitur
1079 1749 1194 1778 aestas
1211 1756 1221 1786 ς

174 1807 301 1856 Quum
322 1805 428 1850 freta,
449 1820 562 1856 quum
582 1814 694 1844 terras
713 1807 841 1852 omniS,
862 1816 920 1844 tot
939 1807 1121 1859 inhospita
1142 1821 1223 1845 saxa

177 1872 389 1922 Sideraque,
406 1885 569 1910 emensae
584 1872 744 1918 ferimur,
761 1874 848 1911 dum
865 1889 929 1924 per
943 1888 1038 1912 mare
1053 1888 1224 1926 magnum

178 1939 322 1977 Italiam
340 1940 524 1991 sequ-imur
542 1939 758 1992 fugientem,
787 1951 823 1979 ct
845 1942 1022 1979 volvimur
1041 1943 1158 1980 undis.

178 2006 257 2044 Hie
280 2007 415 2057 Erycis
434 2007 521 2045 sines
541 2007 702 2053 fraterni,
723 2017 832 2059 atque
853 2009 985 2059 hospes
1008 2009 1168 2046 Acestes
1185 2024 1195 2047 z

177 2073 280 2123 Quid
298 2073 468 2124 prohibet
484 2088 605 2113 muros
619 2078 753 2127 jacere,
765 2085 803 2114 et
819 2077 902 2114 darc
919 2077 1056 2114 civibus
1069 2078 1192 2114 urbem
1211 2077 1225 2114 ?

178 2140 215 2178 Ο
238 2141 366 2190 patria,
384 2149 422 2179 et
442 2142 537 2191 rapti
557 2143 803 2194 nequidquam
823 2158 867 2180 ex
889 2144 993 2181 hoste
1016 2145 1166 2182 Penates
1184 2145 1192 2177 ,¹

180 2207 335 2246 Nullane
351 2211 424 2259 jam
444 2209 579 2259 Trojae
601 2210 767 2248 (licentur
786 2211 928 2249 moenia
945 2213 958 2250 ?
985 2223 1158 2262 nusquam
