1455 2685
176 304 210 328 v.
226 289 317 330 327.
477 286 778 326 AENEIDOS
835 288 936 326 XII.
1152 291 1224 328 231

179 401 327 439 Emicat
345 399 380 437 in
400 413 560 444 currum,
589 408 624 437 et
647 399 810 437 manibus
831 399 978 437 molitur
1006 400 1174 438 habenas.

178 467 303 505 Multa
319 467 431 505 virum
451 466 604 504 volitans
624 466 686 504 dat
706 466 816 503 fortia
835 480 991 516 corpora
1018 466 1092 504 leto
1110 482 1120 505 ε

180 535 385 572 Semineces
404 533 516 571 volvit
537 533 684 577 multos,
714 542 777 571 aut
798 534 943 584 agmina
963 548 1073 570 curru

178 601 353 646 Protei-it,
380 609 444 638 aut
465 609 583 650 raptas
603 600 830 651 fugientibus
850 600 983 651 ingerit
1003 600 1137 639 hastas.

179 666 308 717 Qualis
327 667 424 717 apud
444 666 553 718 gelidi
574 681 657 704 cum
674 666 822 704 fiumina
842 666 1008 704 concitus
1030 666 1152 704 Hebri

180 734 408 786 Sanguineus
427 732 577 771 Mavors
596 733 715 784 clipeo
745 735 901 779 intonat,
929 743 1039 784 atque
1061 733 1227 779 furentis,

180 800 283 838 Bella
301 814 462 846 movens,
482 801 649 839 immittit
667 815 805 851 equos:
839 800 890 838 illi
910 815 1065 852 aequore
1086 811 1217 853 aperto

177 869 285 906 Ante
298 869 420 907 Notos
431 868 723 919 Zephyrumque
735 868 876 906 volant:
890 869 1004 920 gemit
1013 869 1139 907 ultima
1147 869 1229 920 pul-

177 935 327 974 Thraca
340 935 494 986 pedum3
508 934 718 986 circumque
733 945 830 973 atrae
847 936 1064 973 Formidinis
1078 940 1227 987 ora,[su

181 1002 350 1052 Iraeque,
373 1002 616 1052 Insidiaeque,
644 1002 702 1039 dei
722 1003 933 1044 comitatus,
962 1012 1137 1054 aguntur.

178 1068 280 1107 Talis
299 1082 412 1119 equos
432 1068 547 1106 alacer
566 1069 682 1106 media
700 1069 795 1107 inter
813 1069 950 1119 proelia
969 1070 1134 1114 Turnus,

180 1135 369 1174 Fumantis
389 1137 533 1180 sudore,
562 1136 694 1187 quatit,
724 1136 924 1173 miserabile
943 1136 1052 1174 caesis

179 1202 366 1240 Hostibus
385 1202 561 1240 insultans
579 1217 588 1240 :
620 1202 759 1253 spargit
780 1202 907 1252 rapida
927 1203 1065 1254 ungula
1085 1217 1182 1241 rores

180 1269 419 1320 Sanguineos,
448 1268 635 1319 mixtaque
663 1281 772 1305 cruor
800 1268 963 1306 calcatur
981 1282 1098 1306 arena.

177 1335 332 1386 Jamque
352 1335 430 1373 neci
451 1334 738 1386 Sthenelumque
759 1335 872 1381 dedit,
902 1335 1209 1386 Thamyrimque,

392 1402 639 1454 Pholumque,

181 1470 311 1515 Hunc,
332 1483 560 1521 congressus,
579 1479 616 1508 et
636 1469 734 1507 hunc
754 1485 763 1514 ;
785 1468 886 1506 illum
906 1468 1067 1507 eminus:
1089 1470 1226 1507 eminus

392 1537 500 1575 ambo

182 1603 413 1649 Imbrasidas,
429 1603 615 1644 Glaucum
631 1612 741 1654 atque
760 1603 904 1648 Laden,
926 1617 1017 1654 quos
1040 1604 1225 1642 Imbrasus

181 1670 370 1708 Nutrierat
385 1669 518 1721 Lycia,
532 1671 752 1721 paribusque
766 1679 953 1708 ornaverat
967 1670 1085 1714 armis,
1128 1671 1230 1721 [ipse

180 1737 253 1775 Vel
272 1736 435 1776 conferre
455 1751 613 1783 manum,
643 1737 698 1775 vel
716 1752 813 1788 equo
834 1745 1059 1789 praevertere
1088 1746 1226 1775 ventos.

234 1805 343 1844 Parte
363 1804 445 1848 alia,
474 1805 590 1843 media
612 1805 794 1842 Eumedes
814 1805 848 1842 in
869 1804 1006 1855 proelia
1025 1804 1157 1849 fertur,

181 1871 344 1923 Antiqui
362 1870 496 1922 proles,
524 1871 622 1909 bello
642 1871 837 1922 praeclara,
866 1871 1050 1918 Dolonis;

181 1937 340 1977 Nomine
354 1952 459 1976 avum
473 1937 766 1983 referens‚animo
777 1939 1015 1988 manibusque
1027 1947 1225 1989 parentem:

182 2005 258 2055 Qui
279 2005 474 2056 quondam,
494 2015 612 2044 castra
631 2015 671 2044 ut
693 2007 863 2044 Danaum
881 2005 1087 2056 speculator
1099 2008 1228 2053 adiret,

184 2070 313 2108 Ausus
335 2070 479 2111 Pelidae
500 2073 656 2122 pretium
679 2073 747 2110 sibi
767 2086 917 2123 poscere
936 2086 1063 2110 currus
1081 2088 1090 2112 τ

185 2136 295 2175 Illum
315 2136 481 2188 Tydides
496 2139 565 2178 alio
586 2153 652 2190 pro
673 2139 806 2177 talibus
826 2139 919 2178 ausis

189 2204 327 2244 Affecit
347 2206 465 2256 pretio
483 2221 495 2252 ς
523 2220 589 2245 nec
608 2207 710 2256 equis
729 2207 887 2258 adspirat
910 2207 1082 2246 Achillis„
