1455 2685
214 305 268 341 44
496 300 799 345 AENEIDOS
855 299 931 338 VI.
1125 315 1160 338 v.
1179 303 1269 344 298.

222 413 388 452 Portitor
405 412 469 449 has
489 412 691 449 horrendus
710 425 822 461 aquas
840 419 878 448 et
899 411 1044 448 flumina
1064 421 1182 449 servat

220 481 393 520 Terribili
415 481 594 531 squalore,
615 480 788 518 Charon:
820 479 879 517 cui
900 479 1055 529 plurima
1074 487 1197 516 mento

221 548 383 588 Canities
402 548 539 585 inculta
553 550 652 600 jacet
670 563 681 592 3
711 555 808 584 stant
827 546 961 584 lumina
982 547 1124 584 flamma
1140 562 1151 592 ;

223 615 400 654 Sordidus
419 630 463 653 ex
484 614 643 652 humeris
662 615 760 651 nodo
779 615 962 664 dependet
982 613 1151 651 amictus.

224 684 309 734 Ipse
329 693 444 721 ratem
463 692 576 720 conto
598 681 749 733 subigit,
769 681 928 731 velisque
949 681 1142 726 ministrat,

223 752 277 789 Et
297 750 504 802 ferruginea
524 750 713 787 subvectat
733 762 889 798 corpora
909 749 1056 797 cymba,

220 819 303 858 Jam
323 818 466 863 senior3
499 818 560 855 sed
579 818 692 855 cruda
712 818 781 854 deo
801 816 996 866 viridisque
1016 823 1195 852 senectus.

221 885 315 924 Huc
335 885 452 922 omnis
471 885 579 923 turba
598 885 643 922 ad
664 885 759 935 ripas
778 883 891 921 effusa
910 884 1040 920 ruebat
1056 898 1066 928 ς

221 952 378 997 Matres,
397 962 507 1002 atque
527 951 604 996 viri,
625 951 873 1001 defunctaque
893 963 1048 1000 corpora
1068 950 1141 986 vita

223 1019 500 1070 IvIagnanimfim
520 1019 671 1056 heroum
688 1033 697 1064 ;
720 1019 838 1068 pueri,
857 1019 1103 1067 innuptaeque
1124 1015 1278 1066 puellae,

225 1086 470 1137 Impositique
490 1087 589 1137 rogis
603 1088 751 1137 juvenes
771 1094 854 1122 ante
869 1098 932 1121 ora
951 1094 1141 1134 parentum
1161 1098 1170 1120 ι

226 1156 348 1204 Quam
367 1153 481 1191 multa
499 1153 535 1190 in
556 1153 651 1190 silvis
670 1151 834 1190 autumni
854 1151 992 1203 frigore
1010 1151 1128 1202 primo

224 1221 351 1272 Lapsa
370 1222 507 1258 cadunt
527 1219 627 1265 folia,
646 1229 710 1257 aut
730 1220 776 1256 ad
791 1229 924 1257 terram
944 1218 1093 1271 gurgite
1113 1219 1158 1255 ab
1177 1217 1253 1255 alto

227 1290 351 1338 Quam
370 1287 506 1325 multae
526 1287 776 1339 glomerantur
794 1300 888 1330 aves,
911 1286 973 1323 ubi
992 1285 1149 1337 frigidus
1169 1298 1282 1322 annus

225 1355 348 1393 Trans
366 1364 522 1405 pontum
542 1354 664 1406 fugat,
693 1363 729 1391 et
750 1354 854 1391 terris
873 1352 1040 1390 immittit
1060 1351 1203 1402 apricis.

228 1423 385 1460 Stabant
404 1431 549 1459 orantes
569 1422 674 1472 primi
693 1420 939 1458 transmittere
959 1432 1119 1463 cursum,

226 1490 521 1540 Tendebantque
539 1503 664 1526 manus
683 1489 781 1539 ripae
810 1487 990 1525 ulterioris
1011 1499 1145 1523 amore.

225 1558 361 1595 Navita
381 1557 444 1594 sed
463 1557 578 1594 tristis
598 1571 693 1594 nunc
713 1557 796 1602 hos,
814 1569 910 1592 nunc
930 1553 1064 1604 accipit
1085 1553 1164 1590 illos
1182 1568 1193 1597 ;

231 1625 311 1661 Ast
330 1623 418 1660 alios
438 1612 549 1674 longe
569 1625 760 1661 submotos
779 1632 878 1661 arcet
899 1636 1016 1659 arena.

283 1692 446 1734 Aeneas,
465 1689 615 1728 miratus
633 1691 743 1735 enim,
764 1698 960 1739 motusque
978 1686 1157 1731 tumultu,

229 1759 320 1803 Dic,
342 1758 407 1803 ait,
426 1772 449 1795 0
468 1758 596 1808 virgo!
629 1757 717 1807 quid
737 1756 813 1794 volt
833 1769 1029 1809 concursus
1049 1755 1094 1791 ad
1113 1767 1253 1790 amnem
1271 1754 1284 1791 ἓ

232 1825 378 1876 Quidve
398 1834 529 1875 petunt
549 1824 714 1862 animae?
745 1824 798 1861 vel
818 1837 893 1874 quo
912 1820 1115 1860 discrimine
1134 1820 1231 1870 ripas

231 1895 319 1933 'Hae
339 1893 526 1943 linquunt,
545 1891 626 1929 illae
647 1891 752 1929 remis
774 1891 861 1927 vada
880 1889 988 1926 livida
1003 1896 1150 1925 verrunt
1167 1887 1181 1924 ἓ

233 1961 311 2000 Olli
331 1958 380 1997 sic
399 1959 557 1997 breviter
576 1959 651 1996 fata
669 1967 724 1995 est
742 1957 920 2009 longaeva
940 1955 1131 1993 sacerdos:

231 2027 401 2067 Anchisa
420 2036 604 2079 generate,
624 2027 730 2064 deum
749 2025 948 2063 certissima
966 2023 1099 2074 proles,

232 2095 371 2146 Cocyti
392 2103 519 2144 stagna
539 2093 612 2131 alta
630 2093 744 2138 vides,
766 2091 1011 2143 Stygiamque
1031 2089 1216 2140 paludem,

234 2163 291 2201 Di
312 2164 414 2214 cujus
428 2163 549 2212 jurare
568 2161 712 2205 timent,
733 2169 770 2198 et
786 2159 923 2204 fallere,
951 2171 1095 2195 numen.
1184 2158 1261 2206 [est
1277 2169 1287 2192 x

235 2229 347 2281 Haec
365 2229 495 2273 omnis,
515 2241 625 2279 quam
645 2227 774 2275 cernis,
786 2227 891 2278 inops
904 2226 1165 2274 inhumataque
1181 2222 1289 2261 turba
