1455 2685
213 325 245 350 v.
263 310 354 352 771.
520 308 820 348 AENEIDOS
881 309 955 347 IX.
1178 310 1249 350 151

214 423 311 462 Cum
329 421 432 474 galea
449 420 557 473 longe
571 420 688 473 jacuit
707 429 832 470 caput.
863 420 968 463 Inde,
997 419 1152 457 ferarum

213 490 462 534 vastatorem,
484 489 688 538 Amycum,
709 501 782 538 quo
803 500 873 523 non
894 485 1033 523 felicior
1050 485 1141 522 alter

214 557 392 606 Unguere
410 554 482 592 tela
501 567 621 599 manu,
641 554 848 604 ferrumque
867 566 1002 590 armare
1021 566 1155 589 veneno
1173 568 1185 598 ;

212 621 268 660 Et
287 622 451 672 Clytium
469 620 666 665 Aeoliden,
684 630 723 658 et
742 620 896 658 amicum
915 619 1074 658 Crethea
1092 619 1200 656 musis
1216 635 1228 665 ς

212 689 384 733 Crethea,
404 702 585 725 musarum
603 688 789 732 comitem,
809 687 869 725 cui
889 688 1046 724 carmina
1065 701 1204 737 semper

213 756 269 794 Et
287 756 444 794 citharae
464 755 580 800 cordi,
600 769 840 805 numerosque
854 755 1039 792 intendere
1059 755 1173 792 nervis
1191 770 1200 791 ε

214 824 366 874 Semper
376 837 505 874 equos,
521 831 630 872 atque
649 836 747 860 arma
763 822 887 867 virum,
905 836 1132 874 pugnasque,
1153 836 1254 859 cane-

264 889 432 927 Tandem
451 890 636 934 ductores,
661 889 785 927 audita
803 890 912 926 caede
933 903 1093 933 suorum,
1154 889 1253 939 [bat.

210 956 443 995 Conveniunt
461 956 614 1002 Teucri,
634 956 850 994 Mnestheus
863 970 1017 1007 acerque
1035 957 1200 994 Serestus
1217 972 1229 1002 ;

212 1023 442 1073 Palantisque
462 1023 584 1060 vident
605 1023 734 1068 socios,
762 1023 978 1073 hostemque
1001 1031 1200 1073 receptum.

213 1089 266 1127 Et
295 1089 532 1128 Mnestheus:
564 1091 651 1139 Quo
671 1089 800 1127 deinde
829 1089 968 1140 fugam,
988 1103 1061 1140 quo
1087 1090 1255 1128 tenditis?

422 1156 552 1207 inquit.

211 1224 318 1272 Quos
336 1222 423 1260 alios
443 1236 578 1267 muros,
611 1235 703 1272 quae
717 1224 789 1273 jam
813 1221 907 1258 ultra
927 1222 1066 1259 moenia
1084 1222 1224 1259 habetis
1240 1222 1255 1260 ?

211 1290 320 1327 Unus
338 1290 462 1335 homo,
482 1298 519 1326 et
540 1290 679 1333 vestris,
699 1303 721 1325 0
741 1289 836 1325 cives
854 1291 862 1326 l
898 1289 1056 1338 undique
1075 1297 1201 1338 septus

209 1356 444 1408 Aggeribus,
465 1365 583 1394 tantas
603 1365 742 1407 strages
761 1356 906 1406 impune
926 1370 990 1406 per
1009 1357 1136 1393 urbem

211 1423 411 1462 Ediderit?
434 1426 606 1476 juvenum
627 1412 761 1474 primos
780 1431 838 1460 tot
858 1422 992 1459 miserit
1017 1422 1118 1460 Orco
1136 1423 1149 1460 ἓ

211 1491 296 1529 Non
316 1491 465 1528 infelicis
485 1491 633 1541 patriae,
665 1501 898 1539 veterumque
921 1489 1084 1532 deorum,

211 1558 264 1596 Et
284 1558 407 1609 magni
426 1557 595 1602 Aeneae,
616 1571 756 1608 segnes,
777 1557 992 1607 miseretque
1011 1556 1198 1606 pudetque
1215 1556 1234 1594 ἓ

160 1646 162 1649 -
210 1623 367 1661 Talibus
386 1625 542 1671 accensi,
563 1625 763 1667 firmantur,
792 1634 830 1661 et
849 1623 991 1674 agmine
1009 1623 1122 1660 denso

211 1691 446 1730 Consistunt:
477 1693 627 1731 Turnus
648 1691 834 1742 paullatim
853 1691 1026 1728 excedere
1045 1704 1184 1741 pugna,

212 1757 265 1794 Et
285 1758 434 1795 fluvium
453 1767 589 1809 petere,
610 1773 650 1796 ac
671 1768 810 1809 partem
830 1772 922 1808 quac
941 1757 1102 1808 cingitur
1121 1756 1226 1794 amni.

210 1824 349 1862 Acrius
367 1824 438 1862 hoc
459 1826 596 1864 Teucri
615 1824 769 1862 clamore
789 1825 996 1862 incumbere
1017 1837 1162 1875 magno,

211 1886 482 1942 Et'glomerare
501 1895 671 1930 manum':
703 1906 770 1929 ceu
800 1905 943 1928 saevum
964 1891 1070 1928 turba
1090 1890 1228 1927 leonem

210 1957 305 1996 Cum
325 1958 405 1995 telis
426 1958 556 2009 premit
576 1958 720 1997 infensis
737 1974 747 2004 ;
776 1967 812 1996 at
833 1959 980 1996 territus
999 1957 1071 2002 ille,

213 2023 350 2074 Asper,
369 2026 497 2063 acerba
516 2035 633 2070 tuens,
655 2035 751 2063 retro
773 2026 862 2063 redit
880 2043 890 2071 ;
919 2034 955 2062 et
977 2039 1092 2074 neque
1112 2033 1217 2075 terga

213 2091 273 2129 Ira
291 2092 389 2136 dare,
408 2102 469 2129 aut
491 2093 602 2129 virtus
623 2093 761 2143 patitur
779 2110 788 2138 ;
819 2107 883 2130 nec
904 2093 1051 2130 tendere
1071 2100 1196 2128 contra

213 2157 281 2196 Ille
294 2159 453 2209 quidem,
467 2160 538 2198 hoc
552 2160 714 2210 cupiens,
730 2161 827 2210 potis
842 2171 896 2197 est
914 2174 977 2209 per
993 2158 1063 2196 tela
1076 2159 1252 2208 virosque.

210 2224 330 2263 Haud
350 2225 452 2263 aliter
471 2236 567 2264 retro
587 2226 718 2263 dubius.
740 2227 889 2277 vestigia
909 2228 1059 2264 Turnus
