1455 2685
195 322 270 359 134
483 317 785 357 AENEIDOS
843 319 919 356 IX.
1097 334 1130 359 v.
1147 323 1236 360 299.

194 433 309 470 Parva
324 439 456 468 manet.
479 431 592 469 Casus
605 430 745 467 factum
761 430 982 480 quicumque
1001 440 1216 481 sequuntur,

194 500 266 537 Per
285 506 397 548 caput
415 497 487 534 hoc
501 499 599 548 juro,
612 511 677 546 per
697 497 798 547 quod
818 506 923 547 pater
942 506 1025 534 ante
1045 497 1199 544 solebat,

194 567 300 616 Quae
319 564 386 602 tibi
406 563 582 615 polliceor
600 564 738 608 reduci,
758 564 936 613 rebusque
956 564 1135 608 secundis,

194 631 302 670 Haec
321 631 445 668 eadem
466 631 644 680 matrique
665 639 749 667 tuae
768 631 965 681 generique
985 631 1194 668 manebunt.

195 698 256 737 Sic
275 698 325 735 ait
344 696 556 734 illacrimans
574 713 585 742 ;
613 696 764 733 humero
783 696 888 733 simul
899 696 1001 734 exuit
1016 711 1136 734 ensem

191 764 395 808 Auratum,
415 763 504 800 mira
522 776 631 813 quem
651 762 787 800 fecerat
807 772 884 800 arte
907 763 1063 813 Lycaon

194 830 371 874 Gnosius,
390 839 500 879 atque
519 829 675 866 habilem
695 829 822 880 vagina
842 838 983 879 aptarat
1003 830 1166 867 eburna:

192 897 274 935 Dat
295 897 387 934 Niso
408 895 624 933 Mnestheus
644 895 776 945 pellem
795 895 1049 946 horrentisque
1074 894 1188 933 leonis

193 963 356 1002 Exuvias
374 978 385 1008 ;
414 962 555 1013 galeam
584 962 678 999 fidus
697 970 884 1012 permutat
903 962 1052 1000 Aletes.

194 1031 374 1068 Protenus
392 1029 518 1066 armati
538 1023 711 1066 incedunt
728 1043 739 1066 ε
771 1043 863 1079 quos
883 1029 998 1066 omnis
1017 1030 1135 1066 euntis

193 1097 399 1134 Primorum
410 1109 535 1132 manus
549 1096 595 1132 ad
610 1097 1017 1146 portas,juvenumque‚
1031 1109 1241 1147 senumque,

193 1163 434 1213 Prosequitur
453 1162 546 1199 votis
562 1177 572 1200 ε
604 1176 672 1199 nec
691 1176 763 1199 non
783 1171 820 1200 et
839 1161 994 1213 pulcher
1019 1161 1136 1206 Iulus,

191 1231 299 1268 Ante
318 1243 429 1266 annos
447 1229 677 1279 animumque
697 1243 826 1280 gerens
847 1243 1043 1279 curamque
1064 1228 1214 1275 virilem,

191 1296 316 1334 Multa
335 1296 430 1346 patri
451 1297 629 1346 portanda
648 1296 758 1334 dabat
779 1297 946 1333 mandata
964 1311 974 1341 ς
1005 1296 1067 1333 sed
1088 1309 1193 1332 aurae

193 1363 328 1401 Omnia
347 1363 573 1413 discerpunt,
601 1372 638 1401 et
659 1363 816 1401 nubibus
836 1363 936 1400 irrita
956 1363 1104 1399 donant.

246 1430 411 1481 Egressi,
431 1441 602 1480 superant
621 1429 746 1475 fossas,
767 1429 958 1479 noctisque
983 1442 1049 1478 per
1068 1428 1230 1464 umbram

192 1498 322 1536 Castra
340 1495 484 1533 inimica
503 1504 649 1546 petunt,
670 1495 794 1532 multis
814 1504 932 1531 tamen
955 1503 1037 1531 ante
1058 1493 1173 1530 futuri

192 1563 335 1601 Exitio.
367 1563 503 1600 Passim
523 1576 648 1599 somno
669 1562 825 1612 vinoque
846 1576 911 1611 per
930 1561 1082 1598 herbam

192 1631 358 1680 Corpora
377 1629 456 1666 fusa
478 1629 598 1665 vident
617 1644 628 1673 ;
657 1637 818 1666 arrectos
838 1628 963 1666 littore
982 1641 1109 1665 currus
1126 1643 1137 1673 ς

193 1698 296 1733 Inter
313 1694 403 1737 lora,
433 1703 618 1744 rotasque,
638 1695 746 1740 viros,
767 1694 872 1731 simul
891 1707 988 1731 arma
1003 1695 1137 1745 jacere,

191 1762 288 1799 Vina
307 1761 423 1798 simul.
457 1761 562 1799 Prior
582 1761 811 1812 Hyrtacides
832 1760 882 1798 sic
902 1774 965 1797 ore
983 1759 1153 1797 locutus:

192 1828 369 1879 Euryale,
397 1828 604 1865 audendum
624 1829 754 1865 dextra
773 1843 782 1866 :
814 1841 910 1864 nunc
939 1828 1017 1877 ipsa
1037 1834 1142 1863 vocat
1163 1837 1241 1863 res:

191 1896 279 1934 Hac
300 1895 370 1932 iter
387 1904 456 1931 est.
487 1895 565 1938 Tu,
586 1908 629 1932 ne
644 1908 715 1945 qua
731 1908 857 1931 manus
873 1908 910 1931 se
924 1893 1092 1930 attollere
1112 1894 1220 1931 nobis

190 1964 233 2001 A
254 1975 361 2014 tergo
382 1962 510 2012 possit,
530 1962 690 2006 custodi,
717 1972 755 2000 et
776 1962 926 2000 consule
946 1962 1068 2013 longe.

193 2029 300 2067 Haec
320 2043 391 2080 ego
411 2038 512 2066 vasta
531 2029 640 2072 dabo,
661 2038 698 2065 et
717 2029 793 2066 lato
814 2038 851 2066 te
866 2028 981 2066 limite
1002 2029 1145 2066 ducam.

194 2095 254 2133 Sic
267 2104 662 2145 memorat,vocemque
674 2096 822 2146 premit;
836 2096 941 2133 simul
952 2110 1034 2134 ense
1047 2097 1245 2146 superbum

194 2162 438 2200 Rhamnetem
457 2162 688 2214 aggreditur,
709 2163 770 2213 qui
791 2162 902 2207 forte,
918 2163 1105 2212 tapetibus
1121 2163 1204 2201 altis

195 2228 434 2275 Exstructus„
452 2237 535 2267 toto
555 2230 737 2281 proflabat
756 2239 905 2280 pectore
926 2244 1091 2267 somnum
1108 2246 1118 2275 ;
