1455 2685
114 345 146 379 v.
168 334 254 380 187.
421 330 720 377 AENEID'O'S
777 333 853 375 XI.
1088 336 1161 376 193

114 451 298 490 Conditur
315 450 350 487 in
369 450 533 487 tenebras
551 449 664 486 altum
682 448 836 500 caligine
855 448 1014 487 coelum.'

115 518 195 555 Ter
213 517 350 555 circum
368 530 549 562 accensos,
578 515 689 553 cincti
708 514 934 567 fulgentibus
953 516 1074 561 armis,

114 583 322 621 Decurrere
341 597 451 634 rogos
470 598 480 628 ;
508 592 567 620 ter
585 591 765 620 moestum
783 581 916 619 funeris
935 583 1059 633 ignem

115 649 338 687 Lustravere
357 650 391 686 in
411 649 514 699 equis
535 666 546 696 ς
575 648 805 699 ululatusque
825 662 887 685 ore
907 647 1049 686 dedere.

117 715 315 766 Spargitur
332 725 370 752 et
388 715 495 752 tellus
514 715 682 759 lacrimis,
703 723 926 767 sparguntur
945 723 983 751 et
1003 727 1113 752 arma.

117 783 157 820 It
175 783 277 820 coelo
297 782 505 833 clamorque
526 782 654 827 virum,
674 782 898 834 clangorque
918 782 1105 819 tubarum.'

115 849 220 887 Hinc
240 847 299 886 alii
318 848 434 899 spolia
453 849 580 887 occisis
601 850 752 899 derepta
772 848 918 886 Latinis

119 915 330 968 Conjiciunt
347 915 437 966 igni,
457 915 592 967 galeas,
610 915 774 965 ensisque
794 916 960 960 decoros,

117 983 321 1033 Frenaque,
352 982 593 1032 ferventisque
613 991 735 1027 rotas;
764 996 846 1032 pars
864 995 1010 1020 munera
1030 990 1135 1027 nota,¹

116 1049 290 1099 Ipsorum
309 1048 460 1098 clipeos,
493 1057 531 1085 et
550 1061 620 1084 non
641 1047 760 1084 felicia
779 1048 864 1085 tela.

116 1115 242 1154 Multa
260 1116 372 1152 boum
391 1115 488 1152 circa
508 1124 714 1151 mactantur
733 1127 887 1165 corpora
906 1115 1023 1154 Morti
1040 1132 1050 1162 3

117 1182 377 1234 Setigerosque
397 1195 489 1226 sues,
509 1190 703 1231 raptasque
717 1195 762 1219 ex
782 1183 948 1220 omnibus
968 1183 1064 1234 agris

118 1249 162 1286 In
183 1249 361 1286 flammam
384 1248 556 1300 jugulant
578 1249 749 1298 pecudes.
805 1248 907 1286 Tum
926 1249 1049 1287 littore
1075 1258 1158 1288 toto

115 1315 297 1353 Ardentis
316 1325 485 1365 spectant
505 1315 637 1359 socios,
657 1315 899 1365 semiustaque
918 1325 1062 1353 servant

119 1382 260 1428 Busta;
290 1395 406 1432 neque
425 1382 527 1419 avelli
549 1392 716 1432 possunt,
737 1396 808 1419 nox
829 1382 977 1420 humida
999 1384 1116 1420 donec

119 1449 273 1486 Invertit
293 1448 448 1494 coelum,
469 1448 581 1486 stellis
600 1449 826 1500 fulgentibus
845 1458 986 1500 aptum.

170 1517 250 1554 Nec
270 1516 386 1553 minus
404 1526 442 1554 et
457 1516 589 1561 miseri,
618 1516 756 1554 diversa
774 1518 809 1553 in
829 1526 946 1567 parte,
977 1517 1105 1555 Latini

118 1585 330 1622 Innumeras
350 1593 514 1620 struxere
534 1596 641 1633 pyras
662 1598 673 1628 ;
703 1593 740 1621 et
759 1598 914 1635 corpora
928 1586 1059 1636 partim

118 1650 242 1688 Multa
261 1649 374 1688 virum
393 1659 508 1688 terrae
527 1649 725 1695 infodiunt,
754 1660 951 1701 avectaque
970 1653 1102 1702 partim

119 1717 311 1754 Finitimos
329 1716 464 1755 tollunt
484 1716 518 1753 in
538 1730 660 1768 agros,
690 1717 843 1767 urbique
863 1718 1050 1755 remittunt
1068 1734 1079 1757 ε

119 1784 266 1828 Cetera,
295 1782 540 1834 confusaeque
560 1784 744 1834 ingentem
763 1785 881 1821 caedis
901 1799 1081 1831 acervum,

119 1850 201 1888 Nec
223 1863 385 1894 numero,
414 1864 479 1887 nec
502 1850 651 1895 honore,
680 1859 865 1895 cremant3
893 1861 983 1890 tunc
1004 1854 1169 1904 undique¹

120 1917 299 1956 Certatim
317 1916 453 1954 crebris
472 1916 654 1954 collucent
673 1917 818 1968 ignibus
839 1918 928 1970 agri.
1048 1921 1163 1971 [vasti

120 1985 250 2022 Tertia
268 1983 331 2021 lux
350 1984 506 2036 gelidam
525 1983 629 2021 coelo
649 1984 847 2022 dimovemt
868 1987 1031 2024 umbram
1053 2003 1064 2026 z

122 2051 336 2090 Moerentes
354 2051 468 2089 altum
487 2051 643 2088 cinerem
662 2060 699 2088 et
719 2052 869 2089 confusa
887 2055 1040 2092 ruebant

122 2117 217 2154 Ossa
235 2116 339 2162 focis,
368 2118 568 2168 tepidoque
589 2119 787 2156 onerabant
807 2131 941 2172 aggere
962 2130 1094 2159 terrae.

175 2185 257 2221 Jam
277 2197 359 2221 vero
380 2184 414 2221 in
430 2185 550 2232 tectis,
570 2186 777 2236 praedivitis
799 2187 886 2224 urbe
908 2188 1047 2232 Latini,

123 2250 344 2301 Praecipuus
364 2250 501 2304 fragor,
519 2261 557 2291 et
575 2252 676 2304 longi
698 2267 779 2302 pars
800 2254 954 2293 maxima
977 2254 1109 2293 luctu&

175 2317 293 2356 ΤοΜ.
316 2319 373 2356 11.
647 2319 678 2358 B
708 2320 732 2357 b
