1455 2685
235 254 318 300 156‘
554 261 856 300 AENEIDOS
914 262 966 299 X.
1169 278 1201 300 v.
1219 266 1286 305 76.

233 371 306 409 Cui
327 371 515 409 Pilumnus
534 387 633 418 avus,
653 374 713 411 cui
734 374 815 410 diva
835 373 980 410 Venilia
999 383 1115 411 mater
1132 390 1141 412 :

233 438 349 487 Quid,
370 438 449 476 face
470 438 653 490 Trojanos
673 449 750 476 atra
770 440 841 476 vim
861 439 955 477 ferre
978 440 1148 486 Latinis;

222 506 342 543 -Ax-va
361 505 475 542 aliena
492 508 584 557 jugo
604 520 781 556 premere,
801 516 912 558 atque
932 516 1090 543 avertere
1110 507 1261 557 praedas
1278 509 1290 545 ?

235 571 353 621 Quid,
375 586 520 609 soceros
535 572 670 623 legere,
690 582 727 610 et
743 574 890 623 gremiis
905 573 1086 610 abducere
1107 583 1232 623 pactas
1251 589 1261 618 ς

233 638 368 676 Pacem
388 653 489 676 orare
509 653 631 684 manu,
652 640 854 691 praefigere
874 640 1061 690 puppibus
1080 641 1204 677 arma?

233 704 297 742 Tu
317 714 425 754 potes
449 707 612 744 Aeneam
633 706 796 742 manibus
817 706 1018 743 subducere
1040 706 1209 750 Graium,

232 770 382 820 Proque
404 771 478 808 viro
498 771 666 808 nebulam
685 783 723 809 et
743 782 869 809 ventos
889 773 1087 809 obtendere
1105 773 1250 818 inanes;

233 835 288 874 Et
309 845 414 886 potes
433 838 468 874 in
490 838 644 875 totidem
677 839 828 876 classem
848 848 1057 876 convertere
1077 839 1258 889 nymphas
1275 854 1284 877 t

231 903 311 941 Nos
332 904 470 955 aliquid
493 906 654 944 Rutulos
674 916 802 944 contra
816 908 965 958 juvisse,
986 908 1181 945 nefandum
1201 918 1257 946 est
1275 910 1288 947 ?

231 970 381 1008 Aeneas
401 971 549 1022 ignarus
569 974 671 1010 abest
688 988 697 1012 ε
728 974 874 1025 ignarus
893 983 929 1011 et
950 975 1057 1012 absit.

231 1036 305 1074 Est
328 1038 490 1088 Paphus,
521 1040 763 1091 Idaliumque,
785 1041 852 1077 tibi
870 1056 881 1086 3
903 1051 987 1077 sunt
1002 1040 1074 1078 alta
1089 1042 1254 1091 Cythera
1273 1056 1282 1079 :

230 1104 334 1154 Quid
353 1106 537 1156 gravidam
558 1107 662 1144 bellis
676 1108 800 1145 urbem
821 1117 858 1145 et
874 1109 986 1145 corda
998 1122 1125 1158 aspera
1140 1110 1283 1146 tentas?

231 1170 358 1208 Nosne
377 1172 446 1209 tibi
466 1173 583 1209 fluxas
605 1174 792 1224 Phrygiae
813 1188 868 1211 res
889 1183 1026 1211 vertere
1046 1174 1161 1212 fundo

229 1238 446 1276 Conamur?
475 1241 568 1278 nos?
596 1254 654 1285 an,
674 1240 822 1277 miseros
843 1241 905 1290 qui
927 1241 1047 1278 Troas
1068 1242 1226 1279 Achivis

230 1305 410 1356 Objecit?
439 1307 545 1356 Quae
566 1320 690 1343 caussa
710 1306 793 1351 fuit,
813 1321 1032 1359 consurgere
1051 1309 1086 1345 in
1107 1323 1205 1347 arma

231 1372 498 1423 Europamque
516 1372 737 1423 Asiamque,
767 1382 804 1410 et
824 1373 971 1411 foedera
999 1375 1133 1413 solvere
1153 1376 1253 1414 furto
1272 1378 1286 1414 ?

229 1438 296 1476 Me
316 1439 409 1476 duce
443 1440 655 1477 Dardanius
677 1441 846 1490 Spartam
867 1442 1090 1492 expugnavit
1112 1443 1284 1481 adulter?

226 1506 315 1542 Aut
335 1519 407 1557 ego
426 1505 496 1542 tela
519 1506 613 1550 dedi,
634 1506 753 1544 fovive
774 1507 955 1557 Cupidine
973 1507 1068 1544 bella
1085 1509 1098 1546 ?

228 1570 330 1608 Tum
351 1571 476 1609 decuit
496 1573 667 1610 metuisse
687 1574 760 1611 tuis
780 1589 788 1611 :
812 1588 907 1611 nunc
929 1588 1005 1611 sera
1024 1575 1177 1624 querelis

229 1637 346 1675 Haud
363 1639 471 1689 justis
491 1640 663 1691 assurgis,
693 1650 732 1677 et
751 1640 850 1677 irrita
865 1641 988 1692 jurgia
1001 1643 1131 1692 jactas.

281 1703 439 1742 Talibus
459 1706 585 1742 orabat
602 1707 625 1744 J
630 1720 699 1744 uno
717 1723 729 1753 ς
758 1709 959 1758 cunctique
975 1708 1175 1746 fremebant

227 1770 438 1810 coelicolae
459 1785 604 1810 assensu
623 1774 745 1812 vario:
777 1789 844 1811 ceu
865 1775 1008 1812 flamina
1028 1775 1157 1825 prima,

227 1839 324 1876 Cum
344 1838 518 1888 deprensa
538 1838 697 1876 fremunt
718 1839 825 1884 silvis,
853 1850 891 1877 et
910 1854 1018 1881 caeca
1037 1840 1202 1877 volutant

227 1904 436 1950 Murmura,
455 1914 627 1942 venturos
648 1906 766 1943 nautis
786 1906 978 1956 prodentia
998 1916 1136 1943 ventos.

225 1970 329 2008 Tum
349 1971 459 2009 Pater
473 1972 717 2022 omnipotens,
734 1987 852 2010 rerum
868 1974 927 2010 cui
944 1987 1082 2010 summa
1102 1984 1281 2023 potestas,

228 2038 330 2076 Infit.
364 2039 424 2076 Eo
442 2038 599 2083 dicente,
621 2040 729 2077 deum
749 2041 879 2078 domus
899 2041 971 2078 alta
992 2041 1138 2085 silescit,

227 2104 514 2149 Et,tremefacta
529 2105 620 2151 solo,
634 2106 760 2153 tellus3
776 2107 856 2145 silet
869 2109 1002 2145 arduus
1015 2109 1156 2146 aether:
1183 2112 1278 2158 [tus.

227 2171 329 2222 Tum
346 2171 512 2225 Zephyri
525 2187 699 2225 posuere3
717 2174 847 2226 premit
860 2174 1004 2226 placida
1019 2188 1175 2227 aequora
1190 2189 1281 2226 pon-
