1455 2685
183 331 218 354 v.
236 317 325 355 382.
514 313 815 353 AENEIDOS
871 316 922 353 V.
1178 321 1228 357 15

183 425 286 466 Tum
304 426 403 464 laeva
421 434 564 464 taurum
582 439 696 464 cornu
713 434 829 470 tenet,
857 435 968 476 atque
987 427 1037 464 ita
1056 428 1153 472 fatur
1168 444 1179 468 ε

184 493 283 531 Nate
302 493 382 538 dea,
401 493 430 530 si
449 507 552 530 nemo
571 493 680 530 audet
700 506 736 529 se
755 492 899 529 credere
917 507 1076 544 pugnae,

183 560 290 609 Quae
309 559 389 596 finis
408 560 553 597 standi?
579 573 653 609 quo
672 573 729 596 me
747 559 854 596 decet
874 573 988 609 usque
1008 560 1119 597 teneri
1136 562 1151 599 ?

182 625 334 663 Ducere
352 625 447 662 dona
460 626 561 677 jube.
592 625 729 664 Cuncti
749 623 854 662 simul
871 639 934 662 ore
952 624 1155 669 fremebant

181 686 429 737 Dardanidae,
447 691 621 742 reddique
649 691 725 728 viro
744 692 918 741 promissa
930 693 1120 743 jubebant.

236 758 315 796 Hic
334 759 452 810 gravis
473 757 660 796 Entellum
679 757 788 795 dictis
807 758 962 809 castigat
983 759 1155 805 Acestes,

183 825 374 862 Proximus
393 834 434 862 ut
454 824 628 862 viridante
648 834 730 861 toro
749 826 961 862 consederat
980 825 1112 863 herbae
1127 841 1139 864 ε

181 892 343 936 Entelle,
371 892 522 929 heroum
541 892 725 942 quondam
743 890 937 928 fortissime
957 891 1105 936 frustra,

180 957 349 997 Tantane
368 967 443 996 tam
462 958 601 1008 patiens
620 957 718 994 nullo
736 957 930 994 certamine
948 957 1030 995 tolli

180 1025 294 1063 Dona
312 1026 433 1063 sines?
461 1025 523 1062 ubi
542 1038 636 1062 nunc
656 1024 759 1061 nobis
777 1024 865 1061 deus
883 1024 955 1070 ille,
983 1025 1152 1076 magister
1172 1047 1186 1065 ,-

181 1091 438 1142 Nequidquam
450 1100 680 1134 memoratus,
689 1091 815 1141 Eryx?
829 1091 890 1128 ubi
904 1091 995 1128 fama
1008 1107 1072 1142 per
1083 1107 1224 1131 omnem

180 1157 420 1202 Trinacriam,
439 1166 475 1194 et
495 1157 608 1207 spolia
626 1156 685 1193 illa
704 1158 776 1194 tuis
796 1158 989 1207 pendentia
1008 1159 1114 1201 tectis
1131 1161 1145 1197 ἓ

183 1224 250 1261 Ille
269 1225 336 1262 sub
358 1225 444 1261 haec
461 1239 472 1261 z
504 1224 590 1261 Non
610 1223 725 1260 laudis
739 1236 852 1267 amor,
872 1237 936 1261 nec
956 1224 1071 1274 gloria
1090 1226 1197 1264 cessit

179 1291 290 1330 Pulsa
310 1300 409 1328 metu
427 1306 438 1336 3
468 1291 531 1327 sed
548 1290 642 1327 enim
662 1289 803 1340 gelidus
823 1291 986 1327 tardante
1006 1300 1149 1329 senecta

180 1358 337 1409 Sanguis
356 1357 478 1402 hebet,
498 1357 705 1407 frigentque
723 1356 850 1393 effetae
870 1356 904 1392 in
920 1370 1073 1406 corpore
1092 1358 1196 1396 vires.

181 1425 220 1463 Si
239 1425 339 1469 mihi,
368 1436 461 1474 quae
482 1423 664 1474 quondam
696 1422 828 1466 fuerat,
861 1437 1005 1472 quaque
1036 1423 1222 1474 improbus

180 1490 357 1528 Exsultat
375 1491 502 1535 fidens,
531 1490 559 1527 si
579 1504 674 1526 nunc
693 1489 789 1526 foret
807 1489 868 1526 illa
880 1492 1047 1541 juventas
1062 1506 1074 1536 ;
1132 1492 1223 1541 [iste

179 1556 296 1594 Ha'ud
307 1557 472 1607 equidem
486 1557 604 1607 pretio
617 1557 801 1600 inductus,
816 1556 1223 1608 pulchroquejuvenco‚

177 1622 395 1660 venissem:
425 1637 490 1660 nec
510 1624 606 1660 dona
625 1637 758 1660 moror.
798 1621 858 1660 Sic
878 1623 1006 1660 deinde
1025 1623 1169 1662 locutus

178 1691 224 1727 In
243 1690 400 1728 medium
420 1690 582 1742 geminos
600 1689 746 1727 immani
765 1690 924 1739 pondere
943 1699 1085 1728 caestus

179 1757 337 1808 Projecit
355 1772 366 1803 ;
396 1757 527 1807 quibus
546 1770 627 1794 acer
647 1757 752 1807 Exyx
772 1757 806 1793 in
825 1755 961 1806 proelia
980 1766 1102 1795 suetus

180 1824 290 1861 Ferre
309 1836 468 1868 manum,
488 1823 651 1873 duroque
671 1823 854 1860 intendere
872 1823 1017 1860 brachia
1036 1833 1155 1875 tergo.

178 1889 416 1940 Obstupuere
435 1889 541 1927 animi
559 1905 568 1926 :
598 1898 784 1926 tantorum
804 1889 965 1940 ingentia
984 1899 1121 1940 septem

176 1955 305 2008 Terga
322 1958 433 1994 boum
453 1956 605 2006 plumbo
625 1955 759 1999 insuto,
775 1955 957 2006 ferroque,
986 1957 1164 2007 rigebant.

176 2023 282 2061 Ante
301 2023 416 2060 omnis
436 2031 560 2072 stupet
579 2022 654 2072 ipse
676 2022 807 2066 Dares,
825 2022 1006 2073 longeque
1025 2032 1187 2062 recusat:

176 2088 505 2140 Magnanimusque
524 2089 766 2126 Anchisiades
785 2097 820 2126 et
841 2089 982 2138 pondus
1001 2100 1039 2127 ct
1059 2089 1135 2139 ipsa

178 2154 268 2192 Huc
287 2154 371 2193 illuc
391 2155 588 2193 vinclorum
607 2156 774 2192 immensa
797 2155 974 2192 volumina
993 2164 1119 2193 versat.

179 2220 278 2258 Tum
297 2222 415 2259 senior
433 2222 512 2260 talis
533 2222 709 2260 referebat
730 2220 1003 2271 pectore-voces
1019 2237 1031 2260 ;
