1455 2685
245 331 320 371 170
535 329 835 367 AENEIDOS
892 329 943 367 X.
1148 344 1181 368 v.
1198 332 1289 368 466.

243 441 344 478 Tum
363 441 522 481 Genitor
541 450 665 478 natum
686 441 793 478 dictis
814 440 946 477 affatur
965 440 1090 477 amicis
1109 455 1117 477 :

245 507 329 545 Stat
348 522 410 545 sua
429 509 561 558 cuique
582 508 656 545 dies
674 523 682 545 ε
713 509 819 544 breve
840 517 877 544 et
897 507 1128 557 irreparabile
1147 516 1291 558 tempus

245 575 427 613 Omnibus
446 585 499 612 est
520 575 613 612 vitae
632 591 641 620 ;
672 574 734 612 sed
754 573 886 610 famam
905 575 1099 611 extendere
1120 574 1239 619 factis,

244 641 333 678 Hoc
353 642 496 679 virtutis
514 656 619 692 opus.
651 641 786 693 Trojae
807 642 874 678 sub
896 642 1084 678 moenibus
1104 641 1184 679 altis

245 706 325 744 Tot
345 708 447 758 gnati
466 707 627 746 cecidere
648 709 780 746 deum:
803 707 890 758 quin
911 707 1050 744 occidit
1073 722 1143 744 una

247 774 451 823 Sarpedon,
471 788 548 811 mea
568 775 772 825 progenies.
805 774 932 812 Etiam
953 788 1014 811 sua
1034 775 1205 812 Turnum

247 841 339 877 Fata
358 850 503 885 vocant,
532 850 718 891 metasque
739 841 815 878 dati
836 841 999 890 pervenit
1018 841 1063 878 ad
1083 841 1171 878 aevi.

248 907 309 946 Sic
330 907 393 953 ait,
423 917 533 958 atque
552 907 678 945 oculos
702 907 927 945 Rutulorum
947 908 1063 958 rejicit
1081 908 1185 945 arvis.

299 975 359 1012 At
381 974 500 1012 Pallas
520 975 659 1025 magnis
678 974 814 1011 emittit
835 974 970 1010 viribus
989 973 1144 1018 hastam,

245 1044 465 1094 Vaginaque
485 1055 571 1078 cava
589 1041 792 1092 fulgentem
812 1041 945 1090 deripit
964 1055 1097 1078 ensem.
1263 1089 1269 1097 Ι

248 1109 317 1147 Illa
337 1108 471 1152 volans,
491 1108 650 1145 humeris
671 1116 826 1158 surgunt
849 1121 921 1157 qua
936 1108 1097 1158 tegmina
1117 1121 1268 1151 summa,

248 1176 382 1214 Incidit
400 1191 411 1220 3
441 1184 565 1225 atque,
587 1174 679 1211 viam
699 1174 805 1224 clipei
826 1174 954 1211 molita
974 1189 1039 1224 per
1059 1187 1152 1220 oras,

246 1242 417 1281 Tandem
436 1242 544 1278 etiarn
565 1255 699 1292 magno
721 1241 867 1278 strinxit
888 1242 931 1278 de
953 1255 1108 1291 corpore
1126 1241 1258 1279 Turni.

246 1309 326 1347 Hic
347 1310 496 1346 Turnus
515 1307 611 1345 ferro
633 1308 834 1357 praefixum
855 1309 967 1345 robur
984 1317 1093 1345 acuto

249 1376 293 1413 In
311 1374 488 1418 Pallanta,
510 1374 571 1410 diu
590 1373 738 1417 librans,
763 1373 867 1424 jacit,
888 1383 999 1424 atque
1018 1374 1069 1411 ita
1087 1374 1211 1412 fatur:

248 1443 429 1493 Adspice,
449 1455 534 1479 num
555 1454 659 1491 mage
680 1440 725 1477 sit
745 1449 910 1478 nostrum
925 1441 1148 1491 penetrabile
1168 1441 1294 1480 telum.

301 1510 459 1548 Dixerat
480 1524 491 1554 3
521 1517 558 1545 at
579 1508 752 1557 clipeum,
772 1517 832 1544 tot
848 1506 930 1544 ferri
952 1517 1070 1558 terga,
1090 1517 1150 1546 tot
1169 1508 1272 1552 aeris,

249 1578 370 1627 Quem
391 1574 495 1626 pellis
515 1575 650 1612 totiens
670 1575 780 1611 obeat
801 1574 1026 1611 circumdata
1044 1575 1153 1621 tauri,

249 1643 423 1682 vibranti
444 1642 603 1679 medium
624 1642 746 1691 cuspis
765 1642 1031 1679 transverberat
1050 1642 1153 1687 ictu;

249 1710 479 1759 Loricaeque
498 1721 615 1745 moras
634 1717 671 1744 et
690 1717 819 1757 pectus
839 1707 1004 1758 perforat
1023 1708 1164 1759 ingens.

250 1775 318 1814 Ille
337 1776 432 1826 rapit
453 1774 609 1811 calidum
629 1773 764 1811 frustra
784 1775 829 1811 de
849 1774 994 1811 volnere
1014 1773 1128 1811 telum
1145 1789 1154 1811 :

250 1844 337 1881 Una
355 1842 553 1891 eademque
573 1841 628 1877 via
648 1841 795 1892 sanguis
815 1841 1028 1890 animusque
1049 1849 1259 1889 sequuntur.

250 1908 403 1948 Corruit
421 1907 456 1944 in
476 1906 603 1944 volnus
621 1921 630 1945 ε
663 1907 823 1944 sonitum
843 1920 952 1956 super
970 1919 1067 1943 arma
1087 1906 1216 1943 dedere
1235 1922 1243 1943 :

251 1977 306 2014 Et
326 1984 459 2013 terram
478 1973 651 2011 hostilem
671 1974 826 2011 moriens
846 1973 939 2023 petit
959 1985 1021 2010 ore
1041 1983 1206 2010 cruento.

250 2046 372 2095 Quem
393 2042 545 2079 Turnus
565 2054 674 2090 super
692 2040 859 2078 assistens
876 2055 886 2077 ε

248 2110 434 2154 Arcade8‚
453 2109 555 2152 haec,
583 2108 715 2157 inquit,
734 2121 909 2145 memores
929 2120 1007 2144 mea
1026 2106 1124 2144 dicta
1144 2106 1275 2144 referte

254 2177 455 2218 Evandro:
488 2174 644 2225 Qualem
666 2174 808 2214 meruit,
830 2173 993 2212 Pallanta
1007 2175 1168 2211 remitto.
1212 2177 1303 2224 [est,

255 2244 432 2297 Quisquis
451 2243 568 2281 honos
585 2241 730 2288 tumuli,
757 2241 937 2293 quidquid
957 2241 1113 2280 solamen
1133 2241 1303 2280 humandi
