1455 2685
430 465 473 502 P.
505 463 766 503 VIRGILII
795 463 1067 505 MARONIS

254 636 1295 717 AENEJDns

583 817 762 856 LIBER
818 818 917 855 VII.

221 1113 289 1152 Τυ
312 1126 461 1163 quoque
479 1112 666 1150 littoribus
686 1114 832 1158 nostris,
860 1115 1009 1152 Aeneia
1031 1115 1169 1160 nutrix,

221 1184 427 1221 Aeternam
449 1182 602 1218 moriens
623 1181 771 1226 famam,
792 1183 934 1232 Cajeta,
955 1182 1086 1220 dedisti
1106 1197 1117 1229 ;

221 1250 275 1288 Et
296 1264 390 1287 nunc
412 1257 530 1286 servat
548 1248 665 1285 honos
685 1248 806 1285 sedem
827 1257 927 1294 tuus,
948 1262 1101 1300 ossaque
1121 1263 1249 1287 nomen

220 1317 405 1368 Hesperia
423 1316 458 1352 in
480 1329 625 1367 magna,
655 1315 682 1353 si
704 1329 776 1365 qua
795 1324 850 1353 est
869 1329 912 1353 ea
931 1315 1062 1367 gloria,
1088 1317 1222 1369 signat.

219 1386 280 1424 At
298 1384 394 1434 pium,
423 1382 619 1433 exsequiis,
649 1382 812 1427 Aeneas,
833 1383 901 1419 rite
921 1382 1062 1428 solutis,

220 1454 380 1504 Aggere
395 1451 603 1500 composito
623 1448 767 1494 tumuli,
780 1459 975 1500 postquam
991 1450 1063 1488 alta
1080 1451 1251 1502 quierunt

220 1520 415 1569 Aequora,
435 1517 554 1556 tendit
574 1516 644 1554 iter
663 1515 761 1558 velis,
782 1530 1004 1568 portumque
1023 1518 1208 1570 relinquit.

219 1585 429 1635 Adspirant
449 1598 555 1621 aurae
575 1584 610 1620 in
630 1592 792 1629 noctem,
810 1598 876 1622 nec
896 1584 1050 1622 candida
1070 1599 1198 1624 cursus

218 1651 329 1690 Luna
349 1661 486 1702 negat:
518 1650 681 1700 splendet
700 1651 857 1688 tremulo
879 1653 944 1689 sub
965 1652 1099 1690 lumine
1124 1663 1272 1704 pontus.

272 1719 446 1758 Proxima
467 1717 638 1757 Circaeae
656 1717 835 1755 raduntur
853 1718 978 1756 littora
998 1728 1114 1757 terrae
1133 1736 1144 1765 ;

218 1787 335 1826 Dives
354 1786 554 1824 inaccessos
575 1784 637 1822 ubi
659 1785 755 1822 Solis
775 1785 846 1822 filia
863 1785 967 1823 lucos

180 1889 183 1891 ,
218 1855 389 1893 Assiduo
408 1862 551 1890 resonat
572 1861 696 1897 cantu,
726 1852 909 1903 tectisque
930 1852 1097 1903 superbis

219 1922 309 1960 Urit
328 1921 516 1958 odoratam
538 1928 717 1957 nocturna
741 1920 776 1956 in
797 1919 932 1956 lumina
951 1920 1114 1964 cedrum,

216 1990 374 2040 Arguto
394 1987 513 2024 tenuis
532 2001 746 2037 percurrens
767 1987 912 2036 pectine
941 1987 1043 2024 telas.

216 2056 321 2094 Hine
341 2054 505 2092 exaudiri
526 2054 684 2105 gemitus
704 2054 850 2104 iraeque
869 2053 1028 2097 leonum,

216 2122 351 2161 Vincla
369 2129 614 2166 recusantum,
634 2129 672 2158 et
693 2135 770 2158 sera
790 2122 856 2158 sub
874 2132 983 2158 nocte
1003 2120 1199 2158 rudentum
1219 2134 1230 2165 ;

224 2189 456 2241 Setigerique
477 2202 570 2233 sues,
587 2196 699 2239 atquc
718 2188 752 2225 in
772 2189 1007 2239 pnwsepibus
1025 2188 1096 2225 ursi

218 2258 374 2303 Saevire,
395 2271 436 2296 ac
458 2256 594 2294 formae
614 2269 831 2309 magnorum
851 2256 988 2294 ululare
1009 2255 1179 2308 luporum
1197 2270 1204 2291 :
