1455 2685
172 309 205 332 v.
224 295 312 333 131.
487 292 790 334 AENEIDOS
846 295 922 333 XI.
1154 298 1226 336 191

173 407 343 457 Saxaque
362 405 575 444 subvectare
594 405 754 443 humeris
775 404 953 458 Trojana‚
968 406 1125 457 juvabit.

171 472 334 511 Dixerat
353 473 457 518 haec,
477 486 624 523 unoque
643 485 767 510 omnes
787 473 912 509 eadem
932 486 994 510 ore
1010 472 1225 513 fremebant.

171 538 236 577 Bis
256 553 360 578 senos
379 540 554 591 pepigere
572 539 649 577 dies
666 555 677 585 ;
706 547 757 586 et,
779 553 869 590 pace
891 548 1092 590 sequestra,

170 606 242 645 Per
260 607 363 644 silvas
382 607 535 651 Teucri,
556 606 736 658 mixtique
749 606 898 658 impune
919 606 1064 651 Latini,

167 673 346 711 Erravere
358 673 472 725 jugis.
504 674 633 719 Ferro,
652 682 772 719 sonat,
792 673 868 712 icta
886 673 1051 724 bipenni,

167 739 371 785 Fraxinus;
400 749 571 778 evertunt
592 749 692 779 actas
712 742 758 778 ad
779 740 895 778 sidera
916 740 1050 791 pinus;

168 806 321 845 Robora
339 821 405 845 nec
424 807 550 845 cuneis
567 817 604 846 et
623 807 784 846 olentem
804 807 967 846 scindere
987 808 1153 853 cedrum,

164 873 246 913 Nec
266 873 436 925 plaustris
456 883 597 913 cessant
623 883 768 913 vectare
788 875 1021 926 gementibus
1039 889 1165 913 ornos⁶

217 941 272 979 Et
286 944 361 994 jam
382 942 494 980 Fama
515 941 649 987 volans,
678 942 772 979 tanti
792 942 1008 992 praenuntia
1026 941 1165 987 luctus,

162 1009 390 1054 Evandrum,
412 1009 648 1060 Evandrique
669 1009 798 1046 domos
809 1018 847 1047 et
864 1009 1019 1054 moenia,
1040 1008 1219 1060 complet,

162 1076 270 1126 Quae
290 1076 400 1113 modo
419 1075 593 1114 victorem
615 1076 728 1114 Latio
751 1076 919 1114 Pallanta
938 1075 1094 1114 ferebat.

159 1143 329 1180 Arcades
347 1143 393 1180 ad
411 1151 537 1194 portas
557 1157 672 1187 ruere,
692 1152 729 1180 et
749 1143 795 1180 de
815 1157 914 1180 more
935 1152 1082 1181 vetusto

159 1209 342 1249 Funereas
363 1225 513 1262 rapuere
534 1209 643 1248 faces.
675 1210 802 1248 Lucet
822 1210 878 1247 via
897 1209 1010 1261 longo

159 1277 299 1316 Ordine
317 1278 555 1323 flammarum,
574 1286 612 1315 et
631 1277 703 1315 late
722 1276 947 1315 discriminat
965 1291 1087 1329 agros.

157 1343 299 1382 Contra
317 1345 426 1383 turba
447 1344 641 1396 Phrygum
661 1344 806 1382 veniens
822 1344 1032 1396 plangentia
1048 1347 1212 1396 jungunt

156 1411 337 1463 Agmina.
368 1413 476 1462 Quae
496 1421 692 1463 postquam
712 1419 845 1449 matres
866 1413 1058 1450 succedere
1077 1412 1187 1450 tectis

155 1477 354 1522 Viderunt,
373 1486 550 1516 moestam
570 1478 773 1515 incendunt
792 1477 1011 1516 clamoribus
1031 1479 1173 1517 urbem.

154 1544 217 1581 At
236 1557 307 1581 non
329 1544 541 1582 Evandrum
560 1545 660 1595 potis
680 1554 735 1582 est
756 1545 807 1581 vis
827 1545 899 1582 ulla
919 1555 1041 1583 tenere
1058 1562 1070 1592 ;

155 1611 228 1648 Sed
252 1611 348 1648 venit
367 1611 403 1649 in
423 1611 573 1650 medios.
605 1612 758 1650 Feretro
780 1611 944 1650 Pallanta
964 1622 1114 1662 reposto

154 1678 359 1716 Procubuit
389 1692 512 1730 super,
536 1688 648 1729 atque
680 1679 818 1725 haeret,
838 1678 1114 1729 lacrimansque,
1142 1694 1206 1732 ge-

152 1744 207 1782 Et
219 1744 275 1782 via
290 1746 349 1784 vix
363 1746 510 1784 tandem
527 1747 606 1784 voci
620 1746 740 1783 laxata
753 1746 879 1784 dolore
895 1754 964 1784 est:
990 1749 1205 1797 [mensquc5

152 1811 240 1850 Non
259 1812 360 1859 haec,
379 1826 402 1850 0
424 1812 525 1851 Palla
544 1816 551 1851 !
584 1813 733 1851 dederas
753 1813 928 1864 promissa
946 1814 1102 1864 petenti,

151 1879 307 1918 Cautius
327 1889 370 1918 ut
388 1894 494 1919 saevo
514 1880 622 1919 velles
641 1893 679 1919 te
698 1881 845 1920 credere
867 1881 996 1920 Marti.

151 1945 270 1984 Haud
289 1947 437 1999 ignarus
455 1962 564 1994 eram,
585 1958 763 2000 quantum
782 1964 872 1986 nova
892 1949 1011 2000 gloria
1025 1950 1060 1987 in
1081 1949 1202 1996 armisffi

150 2014 204 2052 Et
224 2015 419 2065 praedulce
439 2016 550 2054 decus
569 2018 688 2068 primo
708 2018 917 2062 certamine,
938 2027 1073 2068 posset.

124 2072 127 2075 ¹
150 2081 337 2120 Primitiae
349 2084 491 2135 juvenis
511 2086 682 2123 miserae!
715 2084 873 2136 bellique
896 2085 1091 2138 propinqui

149 2148 258 2186 Dura
273 2149 494 2190 rudimenta!
514 2161 565 2197 et,
580 2152 667 2191 nulli
683 2152 853 2191 exaudita
868 2153 1032 2197 deorum,
1063 2155 1190 2205 [jumd

148 2214 263 2262 Vota,
284 2229 481 2268 precesque
501 2233 598 2257 meae
618 2221 626 2257 !
659 2228 789 2270 tuque,
822 2234 844 2257 o
866 2220 1089 2257 sanctissima
1109 2233 1197 2258 cous
