1455 2685
200 319 276 355 154
489 316 790 356 AENEIDOS
848 320 900 356 X.
1105 334 1137 359 v.
1153 323 1247 360 293.

202 425 371 477 Arrepta
390 427 519 464 tellure
539 429 659 466 semel.
691 432 795 478 Quae
815 430 901 467 talia
920 438 1112 480 postquam

201 494 350 532 Effatus
369 495 530 541 Tarcho,
546 497 632 533 socii
653 511 872 547 consurgere
892 498 1021 541 tonsis,

205 561 491 611 Spumantisque
510 572 603 600 rates
623 564 714 600 arvis
734 563 864 600 inferre
886 564 1057 610 Latinis;

202 628 338 667 Donec
359 638 472 666 rostra
490 637 615 666 tenent
635 630 784 673 siccum,
805 639 841 666 et
862 631 984 668 sedere
1005 631 1144 668 carinae

206 696 345 733 Omnes
365 696 551 732 innocuae.
586 697 659 733 Sed
680 710 750 732 non
772 697 909 746 puppis
929 706 1005 740 tua,
1027 697 1192 735 Tarcho.

204 762 390 812 Namque,
409 762 546 799 inflicta
565 763 676 807 vadis,
697 764 804 799 dorso
825 764 916 799 dum.
930 765 1065 813 pendet
1085 764 1223 814 iniquo,

204 829 362 878 Anceps
383 837 583 865 sustentata
602 828 677 872 diu,
704 829 908 879 fluctusque
932 830 1078 881 fatigat,

207 894 383 938 Solvitur,
403 903 512 944 atque
532 895 627 932 viros
647 896 772 932 mediis
791 896 943 945 exponit
963 897 998 932 iu
1018 897 1123 933 undis
1141 912 1151 934 :

205 962 404 1013 Fragmina
423 976 605 999 remorum
626 976 719 1011 quos
737 971 774 999 et
795 963 972 999 fluitantia
993 973 1147 1000 transtra

207 1029 435 1078 Impediunt,
451 1029 676 1078 retrahitque
689 1029 817 1078 pedem
839 1029 944 1066 simul
964 1030 1059 1066 unda
1079 1030 1252 1067 relabens.

260 1095 342 1133 Nec
361 1094 532 1132 Turnum
547 1096 665 1146 segnis
687 1096 816 1132 retinet
838 1109 937 1132 mora
954 1111 963 1133 :
987 1097 1048 1132 sed
1067 1096 1161 1145 rapit
1175 1110 1256 1133 acer

206 1162 348 1200 Totam
367 1162 481 1199 aciem
501 1161 535 1198 in
558 1163 739 1207 Teucros,
760 1172 798 1199 et
813 1172 941 1200 contra
954 1163 989 1199 in
1009 1163 1131 1200 littore
1148 1163 1255 1201 sistit.

207 1228 323 1279 Signa
342 1237 490 1266 canunt.
523 1227 666 1266 Primus
686 1237 824 1266 turmas
843 1229 971 1266 invasit
991 1238 1151 1280 agrestes

206 1295 370 1340 Aeneas,
391 1309 496 1332 omen
517 1309 675 1346 pugnae,
706 1296 906 1346 stravitque
928 1296 1098 1341 Latinos,

210 1361 347 1400 Occiso
369 1362 557 1405 Therone,
578 1362 692 1399 virum
713 1363 775 1412 qui
795 1364 971 1399 maximus
992 1363 1088 1399 ultro

207 1430 365 1468 Aenean
387 1429 506 1479 petit:
537 1428 622 1466 huic
643 1428 780 1479 gladio,
801 1444 939 1479 perque
959 1443 1061 1466 aerea
1077 1438 1169 1473 suta,
1195 1439 1234 1481 et

208 1499 283 1537 Per
297 1497 457 1535 tunicam
470 1496 693 1546 squalentem
709 1510 811 1541 aui-0,
827 1497 922 1534 latus
935 1497 1055 1534 haurit
1076 1509 1256 1548 apertum.

211 1565 305 1601 Inde
326 1563 470 1602 Lichan
491 1563 588 1606 ferit,
622 1572 812 1601 exsectum
827 1565 901 1615 jam
922 1573 1035 1600 matre
1056 1575 1258 1614 perempta,

211 1631 266 1669 Et
286 1631 367 1674 tibi,
389 1631 553 1674 Phoebe,
574 1645 728 1674 sacrum,
749 1644 851 1667 casus
870 1632 1020 1668 evadere
1041 1631 1125 1668 ferri

212 1697 327 1747 Quod
346 1696 451 1733 licuit
470 1710 593 1745 parvO.
631 1697 712 1734 Nec
733 1697 843 1748 longe
864 1698 989 1735 Cissea
1009 1699 1153 1745 durum,

212 1764 486 1812 Immanemque
508 1763 635 1812 Gyan,
657 1772 856 1801 sternentes
875 1765 1020 1815 agmina
1038 1764 1151 1809 clava,

211 1830 361 1883 Dejecit
380 1829 455 1867 leto
474 1845 482 1868 :
515 1830 603 1868 nihil
621 1829 702 1867 illos
723 1831 897 1868 Herculis
918 1845 1028 1876 arma,

212 1898 294 1936 Nec
314 1896 449 1934 validae
464 1899 589 1948 juvere
609 1911 749 1941 manus,
774 1898 992 1948 genitorque
1013 1898 1235 1949 Melampus,

212 1963 372 2002 Alcidae
392 1977 513 2000 comes
534 1978 662 2014 usque,
690 1965 808 2016 gravis
828 1979 912 2001 cum
927 1974 1023 2003 terra
1043 1965 1182 2003 labores

212 2030 401 2069 Praebuit.
434 2031 535 2067 Ecce
555 2033 561 2067 !
590 2031 724 2074 Pharo,
748 2044 852 2068 voces
865 2032 951 2068 dum
963 2034 1078 2083 jactat
1098 2032 1234 2076 inertis,

213 2098 438 2147 Intorquens
452 2097 630 2148 jaculum,
651 2098 822 2135 clamanti
843 2098 936 2135 sistit
956 2098 990 2134 in
1011 2113 1086 2136 ore.

211 2163 277 2202 Tu
297 2177 460 2214 quoque,
481 2164 670 2202 flaventem
691 2165 805 2215 prima
825 2164 994 2216 lanugine
1014 2165 1137 2209 malas,

211 2232 317 2284 Dum
334 2232 493 2284 sequeris
506 2231 676 2283 Clytium
690 2233 830 2281 infelix,
850 2246 942 2279 nova
955 2233 1100 2285 gaudia,
1116 2232 1262 2283 Cydon,
