1455 2685
224 315 257 339 v.
277 300 367 343 771.
540 298 844 338 AENEIDOS
902 300 1002 339 XII.
1202 303 1279 343 247

230 411 475 456 Sustulerant,
495 426 588 462 puro
607 421 650 449 ut
670 421 819 462 possent
838 425 1054 449 concurrere
1079 425 1223 463 campo,

231 480 312 518 Hic
331 480 433 517 hasta
449 479 601 517 Aeneae
622 480 742 516 stabat
760 494 772 523 ς
792 478 864 516 huc
884 478 1042 528 impetus
1060 478 1158 515 illam

222 546 423 584 Detulerat
443 547 568 590 fixam,
588 554 626 583 et
644 545 742 582 lenta
761 545 796 582 in
817 545 937 582 radice
952 546 1115 583 tenebat.

222 613 413 657 Incubuit,
433 612 622 662 voluitque
643 625 751 649 manu
771 611 974 649 convellere
993 611 1144 656 ferrum,

220 679 476 726 Dardanides;
497 679 646 730 teloque
667 679 781 730 sequi,
803 693 910 730 quem
930 680 1105 730 prendere
1125 694 1235 718 cursu

220 746 308 785 Non
328 754 487 797 poterat.
519 746 622 783 Tum
638 760 737 790 vero,
753 760 872 783 amens
885 746 1091 791 formidine,
1109 747 1275 792 Turnus,

220 813 358 858 Faune,
371 827 514 863 precor,
530 812 708 857 miserere,
723 813 864 863 inquit,
882 822 1012 863 tuque,
1025 815 1179 863 optima,
1201 814 1275 852 fer-

222 879 355 925 Terra,
372 888 475 925 tene3
496 879 593 917 colui
608 890 746 917 vestros
762 881 789 916 si
807 893 946 930 semper
960 880 1128 925 honores,
1155 884 1273 932 [rum,

220 947 327 996 Quos
347 956 475 983 contra
495 946 694 984 Aeneadae
715 945 810 984 bello
831 946 947 984 fecere
966 947 1151 997 profanos.

216 1014 328 1052 Dixit
348 1030 358 1059 3
389 1027 571 1064 opemque
592 1013 648 1051 dei
669 1027 740 1049 non
761 1027 861 1050 cassa
879 1013 915 1050 in
930 1023 1015 1052 vota
1035 1016 1190 1054 vocavit.

215 1081 401 1132 Namque,
422 1081 484 1119 diu
504 1080 661 1124 luctans,
683 1080 856 1131 lentoque
877 1081 911 1117 in
933 1083 1044 1132 stirpe
1066 1092 1243 1128 moratus,

213 1148 366 1186 Viribus
387 1148 487 1186 haud
509 1147 588 1185 ullis
608 1148 720 1185 valuit
741 1148 944 1185 discludere
970 1163 1108 1186 morsus

216 1216 379 1254 Roboris
398 1215 561 1253 Aeneas.
593 1215 698 1252 Dum
719 1215 848 1252 nititur
866 1228 960 1259 acer,
979 1224 1017 1252 et
1033 1216 1143 1254 instat
1161 1232 1173 1262 ;

215 1282 358 1320 Rursus
374 1282 408 1319 in
429 1282 577 1333 aurigae
597 1281 727 1318 faciem
748 1291 890 1319 mutata
912 1281 1077 1326 Metisci,

212 1349 403 1387 Procurrit
432 1348 607 1398 fratrique
625 1362 746 1386 ensem
765 1349 831 1385 dea
852 1348 1000 1386 Daunia
1019 1349 1152 1386 reddit.

210 1416 326 1466 Quod
345 1415 472 1454 Venus
491 1416 620 1453 audaci
640 1415 822 1466 nymphae
843 1415 1030 1467 indignata
1050 1415 1156 1453 licere

210 1481 400 1527 Accessit,
429 1481 617 1533 telumque
635 1482 708 1520 alta
727 1483 772 1520 ab
793 1483 913 1520 radice
933 1482 1081 1519 revellit.

210 1549 288 1587 Olli
308 1549 494 1594 sublimes,
522 1549 628 1586 armis
648 1549 845 1600 animisque
865 1548 1007 1594 refecti,

209 1615 290 1654 Hic
311 1616 438 1668 gladio
461 1617 589 1661 fidens,
619 1616 676 1653 hic
697 1630 779 1654 acer
796 1625 833 1653 et
852 1616 986 1653 arduus
1006 1616 1122 1662 hasta,

208 1682 412 1721 Adsistunt
431 1691 559 1720 contra
587 1683 780 1720 certamine
801 1682 934 1720 Martis
953 1683 1083 1720 anheli.

260 1752 441 1789 Junonem
460 1751 597 1788 interea
619 1750 701 1788 Rex
721 1750 980 1800 omnipotentis
998 1750 1152 1802 Olympi

206 1817 442 1868 Alloquitur,
471 1816 569 1854 fulva
588 1831 732 1870 pugnas
752 1818 796 1854 de
816 1818 910 1855 nube
931 1826 1116 1855 tuentem:

205 1885 312 1934 Quae
323 1886 396 1936 jam
418 1884 495 1922 finis
513 1885 595 1929 erit,
615 1888 773 1937 conjunx
792 1886 805 1923 ἓ
835 1884 923 1935 quid
943 1884 1098 1934 denique
1119 1888 1259 1925 restat?

206 1950 415 2003 Indigetem
435 1951 591 1989 Aenean
613 1952 680 1989 scis
700 1952 792 2003 ipsa,
811 1961 849 1989 et
870 1952 960 1989 scire
980 1951 1117 1998 fateris,

205 2017 347 2055 Deberi
367 2018 487 2062 coelo,
506 2017 665 2069 fatisque
685 2019 730 2055 ad
749 2019 864 2056 sidera
883 2019 976 2056 tolli.

203 2084 307 2134 Quid
327 2085 462 2123 struis?
484 2094 548 2122 aut
568 2099 639 2136 qua
659 2099 722 2136 spe
735 2085 911 2137 gelidisin
927 2086 1084 2124 nubibus
1099 2086 1221 2125 haeres
1239 2088 1253 2126 ἓ

203 2150 395 2189 Mortalin’
416 2153 537 2190 decuit
560 2152 683 2190 violari
704 2152 846 2192 volnere
867 2154 987 2191 divum
1008 2156 1021 2192 ?

203 2218 288 2257 Aut
307 2232 427 2258 ensem
450 2220 562 2273 (quid
581 2220 675 2259 enim
695 2221 771 2259 sine
791 2229 828 2260 te
847 2223 1005 2260 juturna
1025 2222 1157 2262 valeret
1171 2223 1206 2276 ἓ)
