1455 2685
182 319 216 343 v.
233 307 324 345 635.
461 303 762 344 AENEIDOS
817 305 941 344 VIII.
1158 309 1232 349 119

236 416 317 454 Nec
330 415 458 466 procul
468 410 553 453 hinc
569 416 782 460 Romam,et
792 426 914 466 raptas
926 417 998 454 sine
1011 431 1110 456 more
1129 420 1232 457 Sabi-

182 482 363 520 Consessu
383 495 522 526 caveae,
552 482 690 533 magnis
715 481 946 520 Circensibus
969 484 1074 528 actis,
1146 488 1231 535 [nas

181 548 408 594 Addiderat,
436 548 632 598 subitoque
651 562 784 585 novum
803 562 1021 600 consurgere
1035 550 1170 588 bellum

183 614 402 658 Romulidis,
423 614 610 665 Tatioque
631 616 718 659 seni,
738 615 973 666 Curibusque
994 617 1137 654 severis.

183 680 275 718 Post
293 681 404 725 idem,
432 682 526 718 inter
545 695 581 720 se
602 682 726 731 posito
746 682 958 726 certamine,
978 696 1082 734 reges

180 748 348 792 Armati,
375 747 476 786 Jovis
494 757 578 785 ante
598 761 709 792 aram,
730 757 945 798 paterasque
962 758 1139 794 tenentes,

183 814 354 858 Stabant,
382 823 420 851 et
441 827 543 851 caesa
556 815 763 865 jungebant
782 813 929 850 foedera
948 828 1072 864 porca.

236 879 354 917 Haud
366 879 495 932 procul
508 880 605 925 inde,
616 880 710 917 citae
724 880 872 918 Metum
883 881 918 918 in
930 881 1070 918 diversa
1089 882 1233 932 quadri-

182 947 414 985 Distulerant
433 963 444 993 ;
473 956 510 984 at
530 956 573 984 tu
593 947 715 992 dictis,
733 947 897 993 Albane,
917 962 1075 987 maneres
1093 953 1101 987 Ξ
1129 953 1219 1001 [gae

186 1014 449 1064 Raptabatque
469 1014 534 1051 viri
554 1014 735 1051 mendacis
755 1014 890 1052 viscera
908 1016 1042 1054 Tullus

182 1081 254 1119 Per
273 1081 410 1125 silvam,
429 1091 467 1119 et
486 1081 598 1131 sparsi
617 1082 787 1119 rorabant
807 1082 982 1134 sanguine
1002 1098 1139 1134 vepres.

236 1147 316 1185 Nec
337 1161 408 1185 non
429 1148 674 1198 Tarquinium
692 1151 848 1199 ejectum
869 1149 1027 1187 Porsena
1041 1151 1194 1202 jubebat

182 1214 381 1266 Accipere,
401 1215 614 1266 ingentique
636 1216 761 1252 urbem
780 1215 968 1253 obsidione
989 1217 1174 1266 premebat
1192 1233 1203 1263 3

183 1281 380 1319 Aeneadae
399 1282 435 1318 in
455 1281 590 1319 ferrum
611 1296 678 1332 pro
699 1282 868 1320 libertate
888 1284 1054 1320 ruebant.

186 1348 296 1386 Illum
315 1349 518 1400 indignanti
539 1349 702 1393 similem,
731 1349 952 1399 similemque
972 1350 1135 1395 minanti,

182 1417 421 1467 Adspiceres,
441 1426 591 1467 pontem
611 1417 759 1454 auderet
779 1417 880 1466 quod
899 1417 1026 1455 vellere
1048 1418 1193 1463 Cocles,

185 1484 237 1522 Et
258 1484 407 1521 fluvium
426 1483 552 1521 vinclis
572 1484 710 1521 innaret
730 1483 871 1522 Cloelia
890 1484 1018 1534 ruptis.

238 1552 282 1588 In
303 1565 457 1596 summo,
477 1559 600 1589 custos
620 1550 813 1600 Tarpeiae,
829 1550 1002 1595 Manlius,
1022 1552 1127 1596 arcis,

185 1619 316 1657 Stabat
336 1633 402 1668 pro
421 1618 573 1669 templo,
592 1627 630 1655 et
650 1618 835 1668 Capitolia
853 1618 947 1655 celsa
965 1619 1109 1656 tenebat
1125 1634 1136 1662 ;

187 1686 442 1736 Romuleoque
461 1699 584 1722 recens
603 1685 776 1722 horrebat
796 1686 897 1736 regia
915 1685 1050 1722 culmo.

184 1753 317 1803 Atque
335 1753 410 1797 hic,
439 1752 570 1789 auratis
590 1750 760 1795 volitans,
787 1760 982 1802 argenteus
1002 1765 1117 1797 anser,

187 1820 408 1864 Porticibus,
438 1818 569 1858 Gallos
588 1819 623 1855 in
643 1818 763 1855 limine
782 1819 906 1856 adesse
925 1819 1079 1856 canebat
1097 1834 1107 1857 ε

186 1884 286 1924 Galli
306 1900 371 1936 pei·
389 1887 518 1923 dumos
538 1887 700 1930 aderant,
724 1899 916 1935 arcemque
941 1886 1127 1929 tenebant,

186 1952 339 1990 Defensi
359 1954 528 1998 tenebris,
546 1963 582 1991 et
603 1954 700 1990 dono
720 1953 837 1990 noctis
856 1966 991 2003 opacae
1010 1968 1020 1997 ς

188 2020 314 2057 Aurea
334 2021 504 2058 caesaries
524 2020 617 2066 ollis,
638 2030 748 2070 atque
767 2034 873 2058 aurea
894 2020 1001 2057 vestis
1019 2035 1030 2064 ς

188 2086 350 2138 Virgatis
370 2087 491 2125 lucent
513 2088 646 2139 sagulis
664 2104 674 2131 ς
705 2096 784 2125 tum
804 2087 920 2125 lactea
938 2086 1032 2124 colla

190 2152 299 2190 Auro
315 2154 575 2199 innectuntnr3
606 2156 678 2192 dno
699 2156 853 2205 quisque
876 2154 1016 2204 Alpina
1044 2163 1234 2190 coruscant

191 2222 311 2258 (laesa
332 2235 452 2266 mann,
472 2222 584 2260 scutis
604 2223 762 2272 protecti
781 2235 936 2273 corpora
954 2221 1084 2271 longis.
