1455 2685
259 310 340 365 <212
484 280 486 282 ’
527 307 826 347 AENEIDOS
883 308 958 346 XL
1162 323 1196 346 v.
1212 311 1305 350 719.

262 420 415 458 Transit
434 434 568 470 equum
589 435 709 465 cursu,
739 421 918 470 frenisque
939 421 1086 457 adversa
1105 421 1289 470 prehensis

263 486 529 538 ‘Congreditun
545 501 751 537 poenasque
766 487 911 523 inimico
931 501 975 523 ex
997 487 1169 537 sanguine
1186 488 1306 526 sumit.

267 554 387 603 Quam
406 553 510 591 facile
530 553 704 604 accipiter
723 567 824 598 saxo,
852 567 954 591 sacer
972 553 1055 597 ales,
1085 555 1129 590 ab
1149 554 1224 591 alto

268 621 518 670 Consequitur
537 621 662 671 pennis
682 620 873 657 sublimem
893 620 927 656 in
948 620 1042 658 nube
1062 620 1282 665 columbam,

265 687 599 737 Comprensamque
619 695 732 730 tenet,
754 687 981 737 pedibusque
996 687 1168 724 eviscerat
1189 691 1307 725 uncis:

264 753 368 790 Turn
387 768 508 796 cruor,
537 763 574 792 et
595 753 715 791 volsae
735 752 907 791 labuntur
926 754 970 791 ab
991 754 1134 791 aethere
1149 753 1306 804 plumae.

317 822 376 858 At
393 835 463 857 non
478 822 565 858 haec
582 820 699 865 nullis,
711 820 898 857 hominum
911 829 1007 857 sator
1021 830 1130 870 atque
1146 821 1309 864 deorum,

265 889 473 926 Observans
493 888 623 932 oculis,
653 901 793 925 summo
814 888 916 924 sedet
934 887 1028 925 altus
1049 888 1227 939 Olympo.

264 955 499 1005 Tyrrhenum
519 954 665 1006 genitor
684 953 919 991 Tarchonem
939 954 973 990 in
993 955 1128 1004 proelia
1157 969 1258 993 saeva

266 1022 443 1066 suscitat,
472 1032 508 1059 et
530 1020 684 1058 stimulis
704 1021 802 1057 haud
822 1020 991 1057 mollibus
1011 1021 1126 1072 injicit
1144 1022 1226 1059 iras.

263 1088 370 1139 Ergo
390 1089 484 1126 inter
503 1088 644 1132 caedes,
672 1088 911 1138 cedentiaque
930 1088 1086 1139 agmina,
1116 1089 1266 1126 Tarcho

264 1156 397 1193 Fertur
415 1170 524 1206 equo,
554 1154 731 1205 variisque
757 1154 908 1205 instigat
929 1154 1080 1191 vocibus
1099 1154 1184 1199 alas,
1212 1159 1307 1206 [sos:

263 1222 420 1261 Nomine
437 1221 619 1272 quemque
638 1236 787 1266 vocans;
807 1221 998 1272 reficitque
1019 1222 1055 1258 in
1079 1222 1215 1272 proelia
1230 1222 1310 1272 pul-

263 1290 357 1339 Quis
373 1299 504 1335 metus,
520 1304 543 1326 o
558 1303 754 1340 numquam
771 1288 938 1327 dolituri!
956 1303 977 1325 o
1000 1303 1140 1339 semper
1154 1289 1304 1326 inertes!

261 1356 445 1407 Tyrrheni
464 1358 476 1395 ἒ
504 1371 596 1407 quae
615 1366 717 1395 tanta
736 1356 859 1394 animis
878 1356 1020 1408 ignavia
1040 1356 1135 1393 venit
1153 1357 1165 1394 ?

263 1424 412 1462 Femina
431 1424 586 1474 palantis
607 1423 698 1475 agit,
729 1436 839 1474 atque
860 1423 949 1460 haec
970 1423 1114 1474 agmina
1134 1424 1271 1461 vertit?

263 1492 351 1540 Quo
368 1490 516 1535 ferrum,
533 1490 664 1541 quidve
678 1490 766 1527 haec
781 1489 939 1541 gerimus
955 1490 1026 1527 tela
1041 1490 1141 1526 irrita
1157 1489 1311 1528 dextris?

262 1558 323 1596 At
343 1572 414 1595 non
435 1559 469 1594 in
490 1559 668 1595 Venerem
689 1571 828 1608 segnes,
858 1565 1107 1606 nocturnaque
1127 1556 1246 1602 bella;

261 1627 364 1670 Aut,
393 1626 455 1662 ubi
476 1639 585 1663 curva
603 1625 734 1662 choros
753 1624 883 1661 indixit
904 1623 994 1660 tibia
1017 1622 1166 1667 Bacchi,

262 1691 490 1741 Exspectare
510 1692 634 1741 dapes,
662 1700 700 1728 et
721 1691 846 1741 plenae
861 1690 994 1741 pocula
1013 1703 1153 1727 mensae
1171 1704 1180 1726 :
1216 1693 1310 1741 [pex

262 1758 342 1796 Hic
355 1772 468 1804 amor,
480 1758 551 1797 hoc
571 1758 729 1795 studium
740 1773 751 1804 ς
769 1758 857 1794 dum
874 1772 973 1796 sacra
991 1758 1170 1795 secundus
1186 1757 1311 1794 harus-

262 1825 434 1871 Nuntiet,
462 1839 504 1863 ac
521 1825 625 1862 lucos
645 1834 751 1863 vocet
770 1825 891 1862 hostia
910 1824 1057 1875 pinguis
1078 1824 1111 1860 in
1133 1823 1238 1861 altos.

315 1893 423 1930 Haec
437 1892 580 1937 effatus,
596 1906 731 1942 equum
743 1892 777 1928 in
791 1891 941 1935 medios,
957 1891 1154 1928 moriturus
1166 1900 1203 1928 et
1219 1891 1310 1940 ipse,

261 1959 450 2003 concitat,
469 1968 506 1996 et
526 1959 672 1996 Venulo
693 1959 880 1996 adversum
901 1972 937 1995 se
958 1957 1126 1994 turbidus
1146 1956 1255 1994 infert
1272 1973 1283 2002 3

261 2027 546 2076 Dereptumque
561 2027 606 2063 ab
620 2040 715 2076 equo
732 2027 861 2063 dextra
877 2024 1137 2076 complectitur
1148 2025 1309 2068 hostem,

261 2095 315 2132 Et
335 2093 513 2144 gremium
532 2103 615 2130 ante
636 2107 754 2137 suum,
783 2092 897 2129 multa
917 2093 950 2129 vi
970 2092 1149 2136 concitus,
1175 2091 1308 2129 aufert.

258 2160 423 2198 Tollitur
441 2160 476 2196 in
496 2160 641 2198 coelum
663 2159 823 2198 clamor:
855 2160 1053 2210 cunctique
1076 2159 1202 2196 Latini

261 2227 481 2273 ⁸Convertere
496 2226 634 2270 oculos.
694 2226 809 2265 Volat
825 2226 953 2279 igneus
967 2239 1123 2277 aequore
1139 2223 1305 2269 Tarcho,
