1455 2685
174 350 207 377 v.
229 341 289 378 19.
455 337 756 377 AENEIDOS
814 337 937 376 vm.
1176 332 1228 379 97

172 449 321 488 Cuncta
339 449 474 493 videns,
495 463 627 500 magno
648 462 815 486 curarum
837 449 992 486 fluctuat
1012 458 1137 495 aestu:

173 516 307 567 Atque
322 516 478 552 animum
492 529 586 552 nunc
602 515 673 552 huc
686 514 850 559 celerem,
866 528 960 551 nunc
977 514 1104 552 dividit
1119 515 1218 560 illue,

171 582 218 619 In
236 582 422 632 partisque
441 582 536 631 rapit
556 581 681 624 varias,
702 595 838 631 perque
853 580 972 618 omnia
992 590 1108 619 versat
1125 597 1135 620 :

179 649 285 686 Sicut
304 662 416 698 aquae
435 647 630 685 tremulum
650 647 756 683 labris
776 647 839 684 ubi
858 647 978 685 lumen
998 648 1095 685 ae'nis

179 714 265 752 Sole
285 728 546 764 repercussum,
566 722 630 751 aut
649 713 819 750 radiantis
838 713 992 765 imagine
1011 713 1130 759 lunae,

173 780 307 818 Omnia
324 780 517 831 pervolitat
536 780 609 817 late
627 779 709 818 loca
726 796 736 825 ;
760 782 908 832 jamque
928 781 994 817 sub
1015 794 1119 817 auras

172 847 355 897 Erigitur,
376 847 576 897 summique
598 846 681 884 ferit
700 847 882 897 laquearia
901 847 1002 884 tecti.

224 913 312 950 Nox
333 923 408 950 erat
428 929 438 958 ς
467 923 504 950 et
524 922 636 951 terras
657 913 820 950 animalia
839 913 932 951 fessa
951 927 1016 964 per
1034 913 1163 957 omnis,

171 978 347 1016 Alituum
367 980 621 1031 pecudumque
641 994 770 1031 genus,
786 993 897 1030 sopor
911 979 1006 1016 altus
1026 979 1184 1016 habebat
1201 993 1215 1017 τ

171 1046 298 1095 Quum
320 1055 423 1095 pater
441 1046 476 1082 in
496 1046 588 1096 ripa,
617 1046 801 1098 gelidique
822 1048 889 1084 sub
909 1045 1063 1083 aetheris
1082 1058 1162 1089 axe,

169 1114 333 1157 Aeneas,
354 1112 449 1150 tristi
469 1114 637 1150 turbatus
657 1123 807 1164 pectora
826 1113 936 1158 bello,

170 1175 388 1224 Procubuit,
418 1192 603 1230 seramque
623 1180 724 1217 dedit
746 1195 811 1230 per
830 1181 990 1218 membra
1009 1182 1181 1231 quietem.

169 1244 275 1283 Huic
294 1245 383 1283 deus
402 1246 478 1296 ipse
497 1246 568 1283 loci
589 1247 699 1284 fluvio
718 1247 916 1284 Tiberinus
937 1261 1089 1284 amoeno

170 1311 351 1362 Populeas
370 1312 463 1349 inter
482 1313 600 1350 senior
618 1328 654 1350 se
673 1312 841 1351 attollere
862 1313 1001 1351 frondis

168 1378 278 1416 Visus
295 1394 305 1417 ε
335 1393 419 1416 eum
436 1380 554 1416 tenuis
569 1380 702 1431 glauco
724 1380 866 1417 velabat
887 1381 1024 1418 amictu

168 1445 364 1490 Carbasus‚
389 1454 428 1483 et
446 1446 554 1483 crinis
574 1447 740 1483 umbrosa
759 1448 909 1497 tegebat
929 1447 1092 1484 arundo:

168 1511 270 1549 Tum
291 1512 340 1549 sic
360 1511 472 1556 affari,
501 1522 539 1550 et
559 1526 663 1550 curas
684 1513 738 1549 his
758 1514 899 1550 demere
918 1513 1026 1550 <lictis
1044 1528 1054 1550 :

210 1579 246 1617 O
265 1587 338 1616 sate
352 1587 462 1630 gente
474 1579 580 1616 deum
598 1582 606 1617 !
631 1580 827 1630 Trojanam
843 1593 886 1616 ex
903 1579 1071 1616 hostibus
1089 1580 1219 1618 urbem

169 1646 246 1696 Qui
265 1646 401 1683 revehis
421 1646 535 1690 nobis,
556 1654 773 1696 aeternaque
795 1646 973 1697 Pergama
992 1660 1122 1691 servas,

170 1713 396 1764 Exspectate
417 1712 494 1750 solo
515 1713 694 1750 Laurenti
714 1713 877 1762 arvisque
899 1712 1055 1756 Latinis,

168 1779 247 1817 Hic
265 1779 333 1817 tibi
352 1789 453 1817 certa
472 1779 599 1817 domus
614 1796 625 1825 ;
654 1780 758 1822 certi,
778 1793 821 1816 ne
840 1779 987 1823 absiste,
1009 1779 1162 1817 Penates
1179 1795 1191 1825 ;

167 1846 253 1884 Neu
271 1846 356 1884 belli
376 1836 509 1884 terrere
528 1846 643 1886 minis.
674 1846 820 1884 Tumor
847 1846 961 1883 omnis
981 1855 1017 1883 et
1038 1846 1110 1883 irae

168 1913 391 1952 Concessere
412 1913 533 1954 desim.

167 1980 321 2031 Jamque
335 1980 416 2024 tibi,
446 1995 489 2018 ne
509 1993 597 2017 vana
617 1989 724 2031 putes
744 1981 831 2018 haec
852 1981 988 2032 fingere
1009 1995 1193 2026 somnum,-

169 2045 349 2083 Littoreis
369 2046 494 2098 ingens
513 2047 656 2085 inventa
677 2049 742 2085 sub
763 2048 907 2085 ilicibus
927 2061 999 2091 sus,

169 2112 343 2164 Triginta
362 2113 523 2164 capitum
544 2113 639 2151 fetus
653 2115 770 2158 enixa,
791 2114 922 2164 jacebit
940 2129 952 2159 ς

171 2178 288 2223 Alba,
308 2179 385 2217 solo
405 2182 593 2226 recubans,
613 2181 685 2218 albi
705 2183 843 2219 circum
860 2181 971 2217 ubera
991 2180 1078 2217 nati.

171 2246 250 2285 Hic
270 2246 373 2284 locus
393 2248 490 2286 urbis
509 2249 592 2294 erit,
619 2250 762 2299 requies
781 2262 822 2286 ca
841 2257 941 2286 certa
959 2248 1124 2285 laborum
1140 2263 1150 2286 ς

227 2314 345 2353 ΤοΜ.
378 2315 433 2352 ΙΙ.
705 2315 742 2354 N
