1455 2685
216 292 267 328 62
496 288 799 328 AENEIDOS
854 289 929 326 V1.
1124 303 1159 327 v.
1177 288 1266 331 799.

215 402 342 453 Hujus
362 401 396 438 in
417 401 609 438 adventum
624 403 696 452 jam
718 413 813 437 nunc
832 409 869 437 et
890 399 1023 449 Caspia
1047 414 1160 453 regna

217 468 416 518 Responsis
435 468 584 505 horrent
605 467 740 510 divom,
759 475 796 502 et
819 465 982 503 Maeotia
1002 467 1124 512 tellus,

219 535 273 572 Et
294 534 572 586 septemgemini
593 534 743 571 turbant
764 532 908 583 trepida
925 533 1019 570 ostia
1039 533 1129 571 Nili,

213 602 294 639 Nec
315 616 396 638 vero
417 600 572 638 Alcides
592 609 734 636 tanturn
757 599 895 636 telluris
914 600 1044 644 obivit,

214 667 351 704 Fixerit
373 668 576 717 aeripedem
596 681 737 704 cervam
755 667 854 712 licet,
874 676 937 705 aut
961 667 1181 718 Erymanthi

213 734 361 771 Pacarit
384 747 544 778 nemora,
565 743 602 771 et
623 733 784 790 Lernam
804 733 1048 772 tremefecerit
1067 747 1179 772 arcu:

212 801 307 844 Nec,
327 801 389 851 qui
409 801 608 851 pampineis
628 801 745 838 victor
758 804 851 853 juga
871 801 987 838 flectit
1007 801 1171 846 habenis,

212 867 341 912 Liber,
362 881 472 919 agens
492 868 588 905 celso
611 869 735 919 Nysae
755 869 800 906 de
819 868 953 906 vertice
974 868 1091 919 tigris.

211 934 266 972 Et
286 934 492 972 dubitamus
513 935 632 972 adhuc
653 935 823 973 virtutem
844 935 1039 972 extendere
1059 934 1166 972 factis
1187 935 1200 973 ἓ

211 1003 297 1039 Aut
318 1011 435 1039 metus
456 1002 626 1039 Ausonia
646 1002 819 1052 prohibet
838 1002 1037 1039 consistere
1057 1011 1152 1039 terra
1170 1003 1182 1039 ?

265 1069 359 1118 Quis
380 1068 508 1119 procul
527 1068 585 1105 ille
605 1078 726 1105 autem
746 1069 852 1105 ramis
871 1068 1021 1119 insignis
1042 1069 1173 1114 olivae,

213 1135 325 1173 Sacra
344 1135 486 1173 ferens?
515 1149 626 1172 nosco
646 1134 751 1171 crinis
772 1135 970 1186 incanaque
990 1145 1114 1173 menta

215 1202 331 1253 Regis
356 1202 525 1247 Romani,
545 1203 682 1252 primus
702 1201 764 1252 qui
783 1201 928 1253 legibus
948 1203 1076 1240 urbem

213 1269 244 1306 F
250 1269 413 1311 undabit,
435 1268 596 1307 Curibus
615 1268 732 1318 parvis
752 1278 789 1306 et
809 1283 968 1319 paupere
989 1278 1085 1306 terra

211 1336 352 1374 Missus
369 1336 405 1372 in
423 1335 615 1386 imperium
635 1349 820 1386 magnum.
852 1336 924 1374 Cui
936 1336 1066 1374 deinde
1086 1337 1237 1382 subibit,

213 1403 303 1441 Otia
323 1403 384 1453 qui
404 1412 549 1453 rumpet
568 1402 718 1452 patriae,
739 1402 944 1453 residesque
965 1403 1141 1446 movebit,

212 1469 363 1514 Tullus,
383 1471 417 1507 in
439 1484 535 1507 arma
555 1470 662 1514 viros,
678 1478 714 1506 et
729 1471 803 1520 jam
824 1470 973 1507 desueta
991 1470 1183 1519 triumphis

211 1536 392 1586 Agmina.
428 1538 548 1586 Quem
568 1538 675 1588 juxta
697 1536 861 1586 sequitur
873 1536 1073 1588 jactantior
1093 1537 1239 1582 Ancus,

213 1602 324 1640 Nunc
345 1616 492 1652 quoque
506 1605 581 1654 jam
602 1603 750 1639 nimium
770 1604 932 1654 gaudens
954 1603 1190 1655 popularibus
1205 1618 1267 1641 au-

212 1670 280 1706 Vis
295 1678 331 1706 et
348 1669 571 1719 Tarquinios
584 1683 696 1720 reges,
720 1670 947 1720 animamque
964 1672 1155 1720 superbam
1182 1672 1265 1722 [ris.

212 1735 358 1773 Ultoris
379 1736 500 1779 Bruti,
529 1735 709 1786 fascisque
728 1737 847 1773 videre
866 1746 1034 1787 receptos
1050 1738 1062 1774 ?

213 1802 382 1841 Consulis
403 1802 591 1853 imperium
608 1803 667 1840 hic
687 1803 838 1853 primus,
868 1817 1062 1854 saevasque
1083 1805 1232 1850 securis,

212 1869 392 1919 Accipiet
413 1884 422 1914 ;
453 1878 629 1919 natosque
649 1877 764 1919 pater,
786 1883 876 1905 nova
897 1869 991 1906 bella
1011 1871 1202 1916 moventis,

214 1936 281 1973 Ad
303 1950 456 1987 poenam
477 1936 629 1985 pulchra
647 1950 714 1986 pro
734 1935 901 1973 libertate
923 1937 1086 1982 vocabit,

216 2002 347 2039 Infelix
367 2005 374 2040 !
410 2004 626 2053 Utcumque
647 2002 763 2040 ferent
785 2017 826 2040 ea
846 2003 944 2040 facta
965 2004 1131 2047 minores,

213 2070 348 2107 Vincet
369 2083 470 2107 amor
489 2070 639 2120 patriae,
659 2070 880 2122 laudumque
901 2071 1071 2108 immensa
1090 2071 1238 2122 cupido.

215 2137 315 2186 Quin
338 2137 489 2183 Decios,
510 2137 729 2187 Drusosque
752 2138 896 2187 procul,
917 2151 1132 2189 saevumque
1153 2139 1267 2175 securi

216 2203 382 2255 Adspice
394 2204 642 2255 Torquatum,
654 2213 690 2243 et
707 2204 921 2243 referentem
943 2206 1043 2258 signa
1057 2205 1263 2246 Camillum.
