1455 2685
214 283 289 320 132
502 282 802 321 AENEIDOS
860 283 935 320 IX.
1116 298 1149 322 v.
1167 286 1256 335 243,

210 392 346 430 Affore
365 393 530 432 cernetis.
561 393 641 431 Nec
663 408 727 430 nos
747 395 802 431 via
822 393 916 431 fallit
934 394 1077 432 euntis:

209 458 380 496 Vidimus
400 459 563 497 obscuris
583 461 734 511 primam
756 461 821 498 sub
842 461 994 498 vallibus
1013 462 1139 498 urbem

210 525 357 562 Venatu
379 526 535 570 assiduo,
556 536 593 563 et
613 536 733 564 totum
756 528 994 578 cognovimus
1014 541 1165 564 amnem.

210 590 306 636 Hic,
326 592 425 628 annis
446 593 577 643 gravis,
606 602 715 643 atque
735 593 841 630 animi
862 604 1036 637 maturus,
1055 594 1211 631 Aletes:

208 658 265 696 Di
286 659 406 708 patrii,
436 674 592 710 quorum
614 675 753 710 semper
774 661 840 697 sub
862 661 1006 698 numine
1027 661 1143 712 Troja
1162 670 1231 705 est,

209 724 297 763 Non
318 736 437 763 tamen
458 727 604 763 omnino
625 727 793 764 Teucros
813 727 929 765 delere
954 728 1100 777 paratis,

210 792 338 841 Quum
357 793 438 829 talis
458 794 593 830 animos
608 795 794 844 juvenum,
814 804 851 830 et
871 803 944 831 tam
965 803 1063 831 certa
1083 793 1215 830 tulistis

210 857 379 895 Pectora.
402 860 462 897 Sic
476 861 866 904 memorans‚humeros
879 862 1096 910 dextrasque
1110 860 1259 897 tenebat

208 925 420 962 Amborurn
440 942 450 971 ;
483 936 520 963 et
543 919 679 963 voltum
699 926 858 964 lacrimis*
875 936 984 976 atque
1005 941 1067 964 ora
1087 928 1255 978 rigabat:

210 991 316 1039 Quae
337 993 449 1031 vobis,
480 1007 572 1042 quae·
593 993 716 1043 digna.
737 993 814 1034 viri,
839 1008 906 1042 pro
927 993 1094 1030 laudibus
1114 994 1191 1030 istis

210 1056 372 1094 Praemia
392 1073 498 1108 posse
519 1074 595 1096 rear
614 1059 702 1096 solvi
721 1060 733 1097 ?
753 1059 997 1108 pulcherrima
1017 1060 1172 1109 primum

207 1123 264 1161 Di
286 1138 474 1175 moresque
490 1126 629 1162 dabunt
649 1126 755 1163 vestri
773 1142 782 1171 ;
812 1135 891 1163 tum
911 1137 1030 1163 cetera
1050 1127 1178 1164 reddet

207 1191 399 1228 Actutum
420 1193 500 1242 pius
521 1193 683 1234 Aeneas,
713 1201 823 1243 atque
843 1194 986 1243 integer
1005 1193 1081 1229 aevi

208 1257 408 1303 Ascanius,
429 1259 546 1295 meriti
566 1259 659 1295 tanti
678 1273 748 1295 non
768 1259 958 1296 immemor
979 1273 1161 1309 umquam.

264 1326 383 1361 Immo
403 1339 474 1376 ego
494 1340 571 1369 VOS,
601 1326 659 1363 cui
682 1325 756 1363 sola
776 1325 869 1362 salus
889 1325 1052 1376 genitore
1073 1326 1240 1370 reducto,

208 1390 363 1442 Excipit
384 1393 582 1436 Ascanius,
604 1407 667 1442 pei·
682 1406 845 1443 magnos,
867 1393 969 1436 Nise,
992 1392 1150 1436 Penatis,

206 1458 455 1509 Asaaracique
477 1459 625 1503 Larem,
645 1468 682 1495 et
701 1473 810 1496 canae
830 1459 1026 1508 penetralia
1045 1460 1193 1503 Yestae‚

207 1526 389 1564 obtestor
407 1543 417 1571 ;
447 1540 699 1576 quaecumque
725 1526 813 1562 mihi
833 1525 981 1562 fortuna
1004 1526 1166 1576 fidesque
1185 1536 1253 1571 est,

207 1592 251 1628 In
274 1593 396 1629 vestris
416 1607 514 1642 pono
535 1593 709 1643 gremiisz
740 1601 907 1629 revocate
933 1602 1118 1641 parentem
1138 1608 1148 1638 ;

209 1661 370 1698 Reddite
391 1671 629 1709 conspectum
647 1674 656 1696 z
689 1659 778 1695 nihil
798 1659 859 1695 illo
879 1659 984 1695 triste
1005 1669 1166 1710 recepto.

207 1727 301 1766 Bina
319 1727 414 1763 dabo
434 1735 588 1777 argento
608 1725 785 1775 perfecta,
815 1736 926 1774 atque
946 1738 1070 1774 aspera
1092 1726 1215 1777 signis,

206 1793 361 1837 Pocula,
390 1793 533 1830 devicta
553 1792 700 1843 genitor
719 1805 810 1841 quae
830 1792 928 1841 cepit
949 1792 1088 1828 Arisba
1105 1808 1115 1837 ;

206 1864 260 1902 Et
280 1861 443 1911 tripodas
464 1860 652 1911 geminos3
683 1859 759 1895 auri
779 1858 852 1895 duo
873 1872 1003 1910 magna
1021 1859 1156 1897 talenta
1173 1876 1183 1905 ;

206 1930 358 1967 Cratera
377 1927 580 1976 antiquum,
595 1918 700 1976 quein
722 1927 783 1963 dat
807 1926 956 1964 Sidonia
977 1926 1094 1963 Dido.

209 1997 248 2033 Si
268 2008 351 2032 vero
371 2007 499 2043 capere
523 1993 678 2036 Italiam,
700 1992 925 2043 sceptrisque
946 1992 1070 2042 potiri,

203 2062 416 2113 Contigerit
435 2060 579 2104 victori,
608 2068 646 2096 et
665 2060 817 2109 praedae
834 2060 965 2097 ducere
986 2069 1118 2097 sortem
1137 2075 1146 2097 :

204 2129 354 2173 Vidisti,
384 2142 457 2178 quo
478 2128 627 2165 Turnus
646 2141 755 2177 equo,
776 2126 908 2177 quibus
927 2126 1002 2163 ibat
1023 2127 1057 2163 in
1078 2126 1183 2163 armis

203 2198 356 2236 Aureus
374 2211 383 2234 :
413 2195 531 2246 ipsum
547 2194 661 2240 illum,
680 2192 836 2245 clipeum
860 2193 1058 2244 cristasque
1079 2192 1254 2255 rubentis3
