1455 2685
111 313 144 337 v.
162 298 255 341 717.
429 297 732 346 AENEIDOS
790 298 841 336 X.
1095 300 1170 341 179

109 411 197 450 Non
217 409 281 448 ulli
300 419 356 448 est
375 409 512 447 animus
531 409 659 447 stricto
678 423 895 447 concurrere
916 410 1013 448 ferro
1032 426 1042 449 z

108 477 313 517 Missilibus
332 476 458 528 longe,
476 485 513 514 et
534 485 636 514 vasto
656 475 825 522 clamore,
846 477 1039 515 lacessunt.

161 546 323 582 Venerat
343 544 501 595 antiquis
521 543 683 593 Corythi
703 545 749 581 de
770 544 903 582 finibus
924 545 1071 589 Acron,

108 611 245 652 Graius
257 612 380 655 homo,
389 610 546 648 infectos
558 610 723 661 linquens
734 610 917 662 profugus
930 612 1161 662 hymenaeos:

107 678 226 717 Hunc
246 679 310 716 ubi
329 680 538 715 miscentem
558 677 670 729 longe
690 678 808 715 media
828 678 973 730 agmina
992 678 1097 723 vidit,

106 745 339 795 Purpureum
359 744 498 795 pennis,
522 753 559 782 et
580 754 710 795 pactae
731 746 899 798 conjugis
922 755 1024 783 ostro
1042 761 1054 792 3

107 813 293 863 Impastus
313 811 454 850 stabula
474 811 547 850 alta
565 811 622 849 leo
643 827 711 850 ceu
732 827 838 863 saepe
858 827 1069 865 peragrans,

106 879 247 918 Suadet
266 879 361 916 enim
382 892 509 917 vesana
528 878 667 925 fames3
699 880 726 916 si
747 879 844 917 forte
864 880 1036 931 fugacem

103 947 309 998 Conspexit
322 954 575 997 capream‚aut
588 956 797 998 surgentem
806 947 840 984 in
852 961 987 984 cornua
997 960 1160 992 cervum3

105 1013 271 1058 Gaudet,
284 1013 385 1050 hians
400 1013 566 1058 immane,
579 1027 774 1064 comasque
788 1014 937 1060 arrexit,
957 1022 995 1051 et
1015 1014 1142 1051 haeret

103 1080 317 1118 Visceribus
336 1093 444 1131 super
463 1080 674 1118 incumbens
694 1096 703 1118 ε
734 1081 823 1118 lavit
838 1082 1007 1132 improba
1027 1090 1122 1119 teter

104 1147 184 1184 Ora
200 1161 311 1185 cruor
325 1162 334 1185 :

105 1213 167 1251 Sic
185 1214 258 1251 ruit
276 1214 311 1250 in
333 1215 463 1251 densos
483 1214 601 1252 alacer
620 1214 835 1252 Mezentius
859 1215 996 1252 hostes.

106 1280 293 1318 Sternitur
311 1280 436 1318 infelix
457 1283 601 1326 Acron,
621 1291 659 1320 et
677 1281 840 1319 calcibus
859 1292 975 1318 atram

102 1347 250 1385 Tundit
262 1347 413 1386 humum
427 1348 627 1398 exspirans,
642 1348 871 1398 infractaque
884 1348 957 1385 tela
973 1356 1156 1387 cruentat.

155 1414 291 1464 Atque
303 1414 398 1452 idem
415 1414 620 1466 fugientem
635 1415 732 1453 haud
746 1425 800 1453 est
816 1416 990 1466 dignatus
1007 1415 1157 1454 Oroden

104 1482 287 1527 Sternere,
308 1496 374 1519 nec
389 1484 491 1533 jacta
511 1496 661 1519 caecum
681 1483 766 1519 dare
786 1483 938 1532 cuspide
957 1482 1085 1520 volnus
1102 1498 1114 1521 ι

103 1549 247 1587 Obvius
267 1549 489 1599 adversoque
509 1550 685 1593 occurrit,
707 1564 816 1599 seque
836 1549 913 1586 viro
933 1550 986 1586 vir

102 1615 287 1660 Contulit,
307 1616 406 1653 haud
426 1615 526 1653 furto
547 1616 686 1661 melior,
708 1618 771 1654 sed
791 1616 950 1654 fortibus
970 1617 1089 1654 armis.

102 1683 204 1721 Tum
225 1697 334 1734 super
351 1684 535 1736 abjectum
556 1684 679 1734 posito
696 1685 789 1734 pede
809 1685 929 1728 nixus,
949 1693 986 1721 et
1007 1684 1136 1722 hasta:

101 1750 192 1788 Pars
211 1750 296 1788 belli
316 1750 414 1788 haud
434 1752 640 1796 temnenda,
667 1751 745 1795 viri,
761 1754 858 1803 jacet
878 1751 974 1789 altus
995 1752 1154 1790 Orodes.

100 1817 342 1856 Conclamant
362 1818 463 1863 socii,
483 1818 617 1856 laetum
634 1833 768 1869 paeana
783 1819 912 1856 secuti.

101 1884 171 1922 Ille
186 1893 309 1923 autem
324 1886 530 1936 exspirans:
546 1887 633 1925 Non
649 1901 718 1931 me,
732 1887 956 1937 quicumque
966 1885 1156 1930 es‚inulto‚

98 1951 247 1997 Victor,
263 1966 329 1990 nec
344 1952 498 2003 longum
518 1952 725 1992 laetabere:
748 1963 785 1991 te
805 1967 953 2004 quoque
973 1953 1048 1991 fata

101 2019 344 2069 Prospectant
365 2020 478 2070 paria,
498 2029 608 2071 atque
629 2022 754 2058 eadem
775 2036 859 2059 mox
881 2035 963 2059 arva
979 2023 1133 2060 tenebis.

98 2087 168 2124 Ad
188 2101 295 2136 quem
314 2087 504 2125 subridens
522 2088 637 2126 mixta
657 2089 869 2126 Mezentius
889 2089 939 2127 ira
953 2106 964 2128 :

101 2153 211 2191 Nunc
224 2168 381 2202 morere;
396 2164 451 2193 ast
463 2156 507 2193 de
519 2170 575 2193 me
586 2156 708 2193 divom
724 2166 827 2207 pater
839 2166 950 2208 atque
965 2157 1153 2195 hominum

98 2220 261 2261 Viderit.
284 2222 375 2261 Hoc
396 2223 520 2263 dicens
539 2225 670 2263 eduxit
691 2239 844 2276 corpore
865 2225 990 2264 telum.
1068 2228 1155 2277 [rex

584 2292 618 2330 Z
651 2295 677 2331 2
