1455 2685
177 275 210 299 v.
228 261 318 302 771.
495 257 799 298 AENEIDOS
855 260 930 298 VI.
1180 266 1228 303 61

179 372 256 423 Qui
271 373 420 423 juvenes
440 379 594 422 quantas
613 379 813 414 ostentant,
835 371 995 421 adspice,
1024 372 1114 410 vires
1132 375 1140 411 !

178 439 253 483 At,
284 439 348 490 qui
369 439 537 477 umbrata
556 447 691 489 gerunt
710 437 803 474 civili
821 447 986 487 tempora
1006 453 1157 489 quercu,

179 505 235 543 Hi
251 506 317 542 tibi
336 506 577 548 Nomentum,
594 515 629 542 et
647 505 806 548 Gibios,
818 505 1017 557 urbemque
1032 505 1203 543 Fidenam
1219 523 1230 552 ;

178 572 235 610 Hi
257 571 456 610 Collatinas
476 571 664 621 imponent
684 571 868 608 montibus
888 585 1000 615 arces,

182 639 338 690 [Laude
357 638 554 689 pudicitiae
573 638 745 682 celebre-⁰3,
765 638 973 688 addentque
993 639 1193 689 superbos]

179 705 380 750 Pometios,
394 706 639 755 Castrumque
659 705 754 748 Inui,
775 704 991 755 Bolamque,
1009 705 1229 757 Coramque.

178 772 287 811 Haec
302 782 379 810 tum
395 772 539 809 nomina
557 780 683 816 erunt;
705 785 798 809 nunc
813 781 898 809 sunt
917 772 989 809 sine
1005 773 1145 811 nomine
1161 784 1233 812 ter·

179 840 279 889 Quin
300 848 337 876 et
356 852 423 876 avo
443 839 612 880 comitem
635 852 708 875 sese
729 838 935 877 Mavortius
962 840 1071 877 addet
1150 843 1233 892 [rae

181 906 392 952 Romulus;
425 905 598 944 Assaraci
619 919 727 956 quem
749 906 930 957 sanguinis
951 906 1017 944 Ilia
1039 918 1154 945 mater

179 973 340 1013 Educet.
370 973 505 1011 Viden'
527 982 567 1010 ut
588 973 752 1024 geminae
773 982 868 1010 stant
890 974 1024 1012 vertice
1043 976 1187 1021 cristae,

179 1040 233 1078 Et
254 1049 357 1090 pater
376 1043 452 1090 ipse
473 1053 538 1076 sno
560 1041 727 1090 supersim
744 1042 817 1090 jam
839 1040 960 1091 signat
979 1040 1116 1080 honore
1134 1043 1149 1081 ?

179 1107 264 1146 En!
297 1107 415 1158 hujus,
435 1115 531 1150 nate,
552 1106 720 1155 auspiciis
740 1105 798 1142 illa
818 1106 958 1143 incluta
982 1107 1103 1145 Roma

179 1173 380 1225 Imperium
400 1173 518 1218 terris,
547 1174 684 1211 animos
704 1172 875 1222 aequabit
897 1172 1080 1224 Olympo,

181 1241 406 1292 Septemque
427 1253 497 1277 una
516 1240 583 1277 sibi
604 1253 708 1277 muro
729 1240 972 1277 circumdabit
993 1255 1108 1288 arces,

180 1307 284 1346 Felix
306 1306 407 1357 prole
426 1306 539 1346 vier
558 1321 567 1344 :
599 1305 715 1356 qualis
746 1305 966 1356 Berecyntia
986 1317 1101 1345 mater

180 1373 372 1412 Invehitur
389 1386 500 1411 curru
521 1372 704 1424 Phrygias
723 1372 853 1409 turrita
875 1387 938 1422 per
958 1374 1072 1419 urbis,

180 1441 301 1480 Laeta
319 1441 425 1478 desim
446 1448 568 1492 partu,
588 1451 736 1476 centum
754 1438 948 1488 complexa
973 1449 1138 1491 nepotes,

180 1508 312 1547 Omnis
331 1506 536 1552 coelicolas,
555 1506 672 1543 omnis
693 1519 822 1556 supera
843 1506 916 1544 alta
937 1508 1104 1546 tenentis.

180 1576 273 1615 Huc
287 1575 449 1627 geminas
459 1587 554 1611 nunc
566 1574 671 1611 flecte
682 1572 793 1611 acies:
808 1572 900 1611 hanc
911 1575 1057 1627 adspice
1070 1584 1233 1628 gentem,

182 1644 441 1693 Romanosque
461 1650 558 1679 tuos.
590 1641 668 1679 Hic
683 1640 831 1685 Caesar,
850 1649 888 1677 et
907 1642 1023 1679 omnis
1040 1643 1111 1681 Iuli

181 1709 392 1762 Progenies,
422 1721 593 1760 magnum
612 1707 702 1746 coeli
724 1717 872 1745 ventura
893 1708 959 1746 sub
979 1722 1095 1747 axem.

180 1778 259 1818 Hic
279 1776 343 1820 vir,
364 1776 422 1814 hic
442 1784 512 1820 est,
541 1775 608 1813 tibi
629 1789 738 1825 quem
769 1775 935 1825 promitti
956 1776 1096 1826 saepius
1115 1778 1231 1825 audis,

180 1844 382 1895 Augustus
402 1844 547 1886 Caesar,
569 1841 657 1880 Divi
677 1855 792 1893 genus
810 1857 820 1879 ε
851 1855 957 1879 aurea
977 1845 1112 1881 condet

181 1909 333 1949 Saecula
353 1909 415 1960 qui
435 1923 558 1946 rursus
580 1908 707 1952 Latio,
736 1918 888 1960 regnata
908 1923 971 1959 per
990 1924 1071 1947 arva

182 1978 341 2015 Saturno
360 1977 544 2027 quondam
563 1992 573 2022 ς
594 1990 702 2026 super
716 1985 752 2013 et
775 1976 1014 2014 Garamantas
1034 1987 1070 2015 et
1094 1979 1205 2017 Indos

181 2043 350 2082 Proferet
366 2044 562 2094 imperium
580 2059 589 2081 :
616 2045 712 2094 jacet
731 2053 836 2081 extra
857 2045 971 2081 sidera
993 2044 1115 2092 tellus,

182 2110 302 2149 Extra
320 2111 402 2148 anni
423 2110 579 2162 solisque
592 2110 676 2153 vias,
699 2110 760 2148 ubi
780 2110 928 2148 coclifer
949 2111 1061 2149 Atlas

182 2177 309 2224 Axexn
327 2177 479 2220 humero
500 2187 650 2231 torquet
670 2177 782 2217 stellis
800 2178 1010 2217 ardentibus
1036 2187 1176 2228 aptum.
