<?xml version="1.0" encoding="UTF-8"?>
<!DOCTYPE html PUBLIC "-//W3C//DTD XHTML 1.0 Transitional//EN"
    "http://www.w3.org/TR/xhtml1/DTD/xhtml1-transitional.dtd">
<html xmlns="http://www.w3.org/1999/xhtml" xml:lang="en" lang="en">
 <head>
  <title>
</title>
<meta http-equiv="Content-Type" content="text/html;charset=utf-8" />
  <meta name='ocr-system' content='tesseract 3.04.00' />
  <meta name='ocr-capabilities' content='ocr_page ocr_carea ocr_par ocr_line ocrx_word'/>
</head>
<body>
  <div class='ocr_page' id='page_1' title='image "./operahun02virguoft_0241.png"; bbox 0 0 1455 2685; ppageno 0'>
   <div class='ocr_carea' id='block_1_1' title="bbox 129 328 1190 380">
    <p class='ocr_par' dir='ltr' id='par_1_1' title="bbox 129 328 1190 380">
     <span class='ocr_line' id='line_1_1' title="bbox 129 328 1190 380; baseline 0.002 -2"><span class='ocrx_word' id='word_1_1' title='bbox 129 343 169 378; x_wconf 42' lang='lat' dir='ltr'>aa</span> <span class='ocrx_word' id='word_1_2' title='bbox 190 335 280 380; x_wconf 67' lang='lat'>3231.-</span> <span class='ocrx_word' id='word_1_3' title='bbox 445 331 746 380; x_wconf 80' lang='lat' dir='ltr'>AENEIDOS</span> <span class='ocrx_word' id='word_1_4' title='bbox 803 328 904 380; x_wconf 66' lang='grc' dir='ltr'>ΧΠ.</span> <span class='ocrx_word' id='word_1_5' title='bbox 1111 337 1190 380; x_wconf 70' lang='lat'>233</span> 
     </span>
    </p>
   </div>
   <div class='ocr_carea' id='block_1_2' title="bbox 114 452 1186 2320">
    <p class='ocr_par' dir='ltr' id='par_1_2' title="bbox 114 452 1186 2320">
     <span class='ocr_line' id='line_1_2' title="bbox 130 452 1048 505; baseline 0 -15"><span class='ocrx_word' id='word_1_6' title='bbox 130 453 246 491; x_wconf 75' lang='lat' dir='ltr'>Imam</span> <span class='ocrx_word' id='word_1_7' title='bbox 266 452 360 491; x_wconf 88' lang='lat' dir='ltr'>inter</span> <span class='ocrx_word' id='word_1_8' title='bbox 379 452 534 505; x_wconf 84' lang='lat' dir='ltr'>galeam,</span> <span class='ocrx_word' id='word_1_9' title='bbox 565 453 694 491; x_wconf 89' lang='lat' dir='ltr'>summi</span> <span class='ocrx_word' id='word_1_10' title='bbox 714 453 877 490; x_wconf 86' lang='lat' dir='ltr'>thoracis</span> <span class='ocrx_word' id='word_1_11' title='bbox 897 462 932 490; x_wconf 89' lang='lat' dir='ltr'>et</span> <span class='ocrx_word' id='word_1_12' title='bbox 953 466 1048 498; x_wconf 86' lang='lat' dir='ltr'>oras,</span> 
     </span>
     <span class='ocr_line' id='line_1_3' title="bbox 127 519 1138 572; baseline 0.003 -14"><span class='ocrx_word' id='word_1_13' title='bbox 127 521 301 559; x_wconf 85' lang='lat' dir='ltr'>Abstulit</span> <span class='ocrx_word' id='word_1_14' title='bbox 322 535 405 560; x_wconf 89' lang='lat' dir='ltr'>ense</span> <span class='ocrx_word' id='word_1_15' title='bbox 424 531 550 572; x_wconf 81' lang='lat' dir='ltr'>caput,</span> <span class='ocrx_word' id='word_1_16' title='bbox 567 529 812 571; x_wconf 89' lang='lat' dir='ltr'>truncumque</span> <span class='ocrx_word' id='word_1_17' title='bbox 833 519 980 571; x_wconf 87' lang='lat' dir='ltr'>reliquit</span> <span class='ocrx_word' id='word_1_18' title='bbox 1000 535 1138 561; x_wconf 83' lang='lat' dir='ltr'>arenae.</span> 
     </span>
     <span class='ocr_line' id='line_1_4' title="bbox 183 587 1186 638; baseline -0.001 -12"><span class='ocrx_word' id='word_1_19' title='bbox 183 589 331 638; x_wconf 88' lang='lat' dir='ltr'><strong>Atque,</strong></span> <span class='ocrx_word' id='word_1_20' title='bbox 351 602 393 625; x_wconf 86' lang='lat' dir='ltr'>ea</span> <span class='ocrx_word' id='word_1_21' title='bbox 408 588 494 625; x_wconf 88' lang='lat' dir='ltr'>dum</span> <span class='ocrx_word' id='word_1_22' title='bbox 510 587 647 637; x_wconf 82' lang='lat' dir='ltr'>campis</span> <span class='ocrx_word' id='word_1_23' title='bbox 663 587 782 624; x_wconf 84' lang='lat' dir='ltr'>victor</span> <span class='ocrx_word' id='word_1_24' title='bbox 797 587 860 624; x_wconf 87' lang='lat' dir='ltr'>dat</span> <span class='ocrx_word' id='word_1_25' title='bbox 876 587 1002 625; x_wconf 84' lang='lat' dir='ltr'>funera</span> <span class='ocrx_word' id='word_1_26' title='bbox 1017 587 1186 634; x_wconf 71' lang='lat' dir='ltr'>Turnus,</span> 
     </span>
     <span class='ocr_line' id='line_1_5' title="bbox 130 653 1053 692; baseline 0.002 -2"><span class='ocrx_word' id='word_1_27' title='bbox 130 653 275 692; x_wconf 81' lang='lat' dir='ltr'>Interea</span> <span class='ocrx_word' id='word_1_28' title='bbox 295 656 451 692; x_wconf 84' lang='lat' dir='ltr'>Aenean</span> <span class='ocrx_word' id='word_1_29' title='bbox 472 654 690 692; x_wconf 85' lang='lat' dir='ltr'><strong>Mnestheus</strong></span> <span class='ocrx_word' id='word_1_30' title='bbox 710 662 747 690; x_wconf 88' lang='lat' dir='ltr'>et</span> <span class='ocrx_word' id='word_1_31' title='bbox 767 653 860 691; x_wconf 87' lang='lat' dir='ltr'>fidus</span> <span class='ocrx_word' id='word_1_32' title='bbox 883 653 1053 692; x_wconf 87' lang='lat' dir='ltr'>Achates</span> 
     </span>
     <span class='ocr_line' id='line_1_6' title="bbox 127 720 1084 771; baseline 0 -13"><span class='ocrx_word' id='word_1_33' title='bbox 127 720 388 771; x_wconf 80' lang='lat' dir='ltr'>Ascaniusque</span> <span class='ocrx_word' id='word_1_34' title='bbox 407 735 529 758; x_wconf 89' lang='lat' dir='ltr'>comes</span> <span class='ocrx_word' id='word_1_35' title='bbox 549 721 676 758; x_wconf 86' lang='lat' dir='ltr'>castris</span> <span class='ocrx_word' id='word_1_36' title='bbox 696 730 857 758; x_wconf 82' lang='lat' dir='ltr'>statuere</span> <span class='ocrx_word' id='word_1_37' title='bbox 877 730 1084 766; x_wconf 87' lang='lat' dir='ltr'>cruentum,</span> 
     </span>
     <span class='ocr_line' id='line_1_7' title="bbox 128 788 987 841; baseline 0 -15"><span class='ocrx_word' id='word_1_38' title='bbox 128 788 310 827; x_wconf 90' lang='lat' dir='ltr'>Alternos</span> <span class='ocrx_word' id='word_1_39' title='bbox 328 789 440 841; x_wconf 88' lang='lat' dir='ltr'>longa</span> <span class='ocrx_word' id='word_1_40' title='bbox 460 789 637 826; x_wconf 85' lang='lat' dir='ltr'>nitentem</span> <span class='ocrx_word' id='word_1_41' title='bbox 656 788 808 838; x_wconf 80' lang='lat' dir='ltr'><strong>cuspide</strong></span> <span class='ocrx_word' id='word_1_42' title='bbox 829 803 987 840; x_wconf 82' lang='lat' dir='ltr'>gressus.</span> 
     </span>
     <span class='ocr_line' id='line_1_8' title="bbox 129 855 1010 900; baseline 0.001 -9"><span class='ocrx_word' id='word_1_43' title='bbox 129 855 267 900; x_wconf 88' lang='lat' dir='ltr'>Saevit,</span> <span class='ocrx_word' id='word_1_44' title='bbox 285 865 323 893; x_wconf 85' lang='lat' dir='ltr'>et</span> <span class='ocrx_word' id='word_1_45' title='bbox 342 855 498 893; x_wconf 84' lang='lat' dir='ltr'>infracta</span> <span class='ocrx_word' id='word_1_46' title='bbox 518 855 682 893; x_wconf 86' lang='lat' dir='ltr'>luctatur</span> <span class='ocrx_word' id='word_1_47' title='bbox 701 855 874 893; x_wconf 81' lang='lat' dir='ltr'>arundine</span> <span class='ocrx_word' id='word_1_48' title='bbox 895 855 1010 893; x_wconf 87' lang='lat' dir='ltr'>telum</span> 
     </span>
     <span class='ocr_line' id='line_1_9' title="bbox 127 921 1130 973; baseline 0.003 -15"><span class='ocrx_word' id='word_1_49' title='bbox 127 921 296 972; x_wconf 84' lang='lat' dir='ltr'>Eripere,</span> <span class='ocrx_word' id='word_1_50' title='bbox 315 922 524 972; x_wconf 84' lang='lat' dir='ltr'>auxilioque</span> <span class='ocrx_word' id='word_1_51' title='bbox 544 922 650 967; x_wconf 85' lang='lat' dir='ltr'>viam,</span> <span class='ocrx_word' id='word_1_52' title='bbox 671 936 764 973; x_wconf 91' lang='lat' dir='ltr'>quae</span> <span class='ocrx_word' id='word_1_53' title='bbox 784 923 963 973; x_wconf 79' lang='lat' dir='ltr'>proxima,</span> <span class='ocrx_word' id='word_1_54' title='bbox 984 922 1130 973; x_wconf 82' lang='lat' dir='ltr'>poscit:</span> 
     </span>
     <span class='ocr_line' id='line_1_10' title="bbox 126 987 978 1040; baseline 0 -14"><span class='ocrx_word' id='word_1_55' title='bbox 126 987 225 1026; x_wconf 86' lang='lat' dir='ltr'>Ense</span> <span class='ocrx_word' id='word_1_56' title='bbox 244 997 367 1026; x_wconf 85' lang='lat' dir='ltr'>secent</span> <span class='ocrx_word' id='word_1_57' title='bbox 387 989 463 1026; x_wconf 88' lang='lat' dir='ltr'>lato</span> <span class='ocrx_word' id='word_1_58' title='bbox 485 988 625 1034; x_wconf 86' lang='lat' dir='ltr'>volnus,</span> <span class='ocrx_word' id='word_1_59' title='bbox 645 989 782 1040; x_wconf 87' lang='lat' dir='ltr'>telique</span> <span class='ocrx_word' id='word_1_60' title='bbox 802 989 978 1027; x_wconf 82' lang='lat' dir='ltr'>latebram</span> 
     </span>
     <span class='ocr_line' id='line_1_11' title="bbox 128 1054 1097 1107; baseline 0.001 -15"><span class='ocrx_word' id='word_1_61' title='bbox 128 1054 354 1094; x_wconf 88' lang='lat' dir='ltr'>Rescindant</span> <span class='ocrx_word' id='word_1_62' title='bbox 377 1057 536 1107; x_wconf 88' lang='lat' dir='ltr'>penitus,</span> <span class='ocrx_word' id='word_1_63' title='bbox 557 1071 705 1107; x_wconf 83' lang='lat' dir='ltr'>seseque</span> <span class='ocrx_word' id='word_1_64' title='bbox 725 1057 760 1094; x_wconf 89' lang='lat' dir='ltr'>in</span> <span class='ocrx_word' id='word_1_65' title='bbox 780 1056 875 1094; x_wconf 88' lang='lat' dir='ltr'>bella</span> <span class='ocrx_word' id='word_1_66' title='bbox 895 1056 1097 1094; x_wconf 81' lang='lat' dir='ltr'>remittant.</span> 
     </span>
     <span class='ocr_line' id='line_1_12' title="bbox 121 1122 1140 1173; baseline -0.001 -13"><span class='ocrx_word' id='word_1_67' title='bbox 121 1122 276 1173; x_wconf 85' lang='lat' dir='ltr'>Jamque</span> <span class='ocrx_word' id='word_1_68' title='bbox 295 1124 434 1168; x_wconf 84' lang='lat' dir='ltr'>aderat,</span> <span class='ocrx_word' id='word_1_69' title='bbox 456 1123 608 1161; x_wconf 87' lang='lat' dir='ltr'>Phoebo</span> <span class='ocrx_word' id='word_1_70' title='bbox 628 1132 711 1161; x_wconf 85' lang='lat' dir='ltr'>ante</span> <span class='ocrx_word' id='word_1_71' title='bbox 731 1123 821 1161; x_wconf 85' lang='lat' dir='ltr'>alios</span> <span class='ocrx_word' id='word_1_72' title='bbox 843 1123 1013 1169; x_wconf 85' lang='lat' dir='ltr'>dilectus,</span> <span class='ocrx_word' id='word_1_73' title='bbox 1036 1122 1140 1173; x_wconf 82' lang='lat' dir='ltr'>Iapis</span> 
     </span>
     <span class='ocr_line' id='line_1_13' title="bbox 125 1190 964 1241; baseline 0 -14"><span class='ocrx_word' id='word_1_74' title='bbox 125 1190 262 1227; x_wconf 81' lang='lat' dir='ltr'>Iasides</span> <span class='ocrx_word' id='word_1_75' title='bbox 280 1206 292 1236; x_wconf 91' lang='lat'>;</span> <span class='ocrx_word' id='word_1_76' title='bbox 322 1190 395 1227; x_wconf 86' lang='lat' dir='ltr'>acri</span> <span class='ocrx_word' id='word_1_77' title='bbox 414 1191 598 1241; x_wconf 88' lang='lat' dir='ltr'>quondam</span> <span class='ocrx_word' id='word_1_78' title='bbox 618 1191 677 1228; x_wconf 87' lang='lat' dir='ltr'>cui</span> <span class='ocrx_word' id='word_1_79' title='bbox 693 1199 823 1241; x_wconf 83' lang='lat' dir='ltr'>captus</span> <span class='ocrx_word' id='word_1_80' title='bbox 842 1204 964 1228; x_wconf 87' lang='lat' dir='ltr'>amore</span> 
     </span>
     <span class='ocr_line' id='line_1_14' title="bbox 123 1253 1016 1307; baseline 0.001 -13"><span class='ocrx_word' id='word_1_81' title='bbox 123 1257 210 1306; x_wconf 89' lang='lat' dir='ltr'>Ipse</span> <span class='ocrx_word' id='word_1_82' title='bbox 230 1253 311 1294; x_wconf 81' lang='lat' dir='ltr'>suas</span> <span class='ocrx_word' id='word_1_83' title='bbox 331 1257 431 1302; x_wconf 88' lang='lat' dir='ltr'>artis,</span> <span class='ocrx_word' id='word_1_84' title='bbox 452 1271 516 1294; x_wconf 88' lang='lat' dir='ltr'>sua</span> <span class='ocrx_word' id='word_1_85' title='bbox 536 1271 697 1302; x_wconf 89' lang='lat' dir='ltr'>munera,</span> <span class='ocrx_word' id='word_1_86' title='bbox 721 1257 837 1295; x_wconf 90' lang='lat' dir='ltr'>laetus</span> <span class='ocrx_word' id='word_1_87' title='bbox 856 1256 1016 1307; x_wconf 75' lang='lat' dir='ltr'>Apollo,</span> 
     </span>
     <span class='ocr_line' id='line_1_15' title="bbox 122 1324 1181 1377; baseline 0.003 -16"><span class='ocrx_word' id='word_1_88' title='bbox 122 1324 353 1376; x_wconf 85' lang='lat' dir='ltr'>Augurium,</span> <span class='ocrx_word' id='word_1_89' title='bbox 372 1325 638 1375; x_wconf 83' lang='lat' dir='ltr'>citharamque,</span> <span class='ocrx_word' id='word_1_90' title='bbox 655 1325 779 1371; x_wconf 90' lang='lat' dir='ltr'>dabat,</span> <span class='ocrx_word' id='word_1_91' title='bbox 795 1325 993 1376; x_wconf 84' lang='lat' dir='ltr'>celerisque</span> <span class='ocrx_word' id='word_1_92' title='bbox 1009 1324 1181 1377; x_wconf 67' lang='lat' dir='ltr'>sagittas-¹</span> 
     </span>
     <span class='ocr_line' id='line_1_16' title="bbox 122 1391 932 1443; baseline 0.001 -14"><span class='ocrx_word' id='word_1_93' title='bbox 122 1391 205 1436; x_wconf 89' lang='lat' dir='ltr'>Ille,</span> <span class='ocrx_word' id='word_1_94' title='bbox 226 1402 268 1429; x_wconf 88' lang='lat' dir='ltr'>ut</span> <span class='ocrx_word' id='word_1_95' title='bbox 287 1391 444 1442; x_wconf 89' lang='lat' dir='ltr'>depositi</span> <span class='ocrx_word' id='word_1_96' title='bbox 464 1391 646 1442; x_wconf 86' lang='lat' dir='ltr'>proferret</span> <span class='ocrx_word' id='word_1_97' title='bbox 666 1391 744 1429; x_wconf 73' lang='lat' dir='ltr'>fata</span> <span class='ocrx_word' id='word_1_98' title='bbox 758 1393 932 1443; x_wconf 84' lang='lat' dir='ltr'>parentis,</span> 
     </span>
     <span class='ocr_line' id='line_1_17' title="bbox 123 1459 1089 1510; baseline 0 -14"><span class='ocrx_word' id='word_1_99' title='bbox 123 1459 225 1496; x_wconf 89' lang='lat' dir='ltr'>Scire</span> <span class='ocrx_word' id='word_1_100' title='bbox 245 1467 447 1510; x_wconf 84' lang='lat' dir='ltr'>potestates</span> <span class='ocrx_word' id='word_1_101' title='bbox 467 1459 677 1504; x_wconf 85' lang='lat' dir='ltr'>herbarum,</span> <span class='ocrx_word' id='word_1_102' title='bbox 707 1473 886 1510; x_wconf 87' lang='lat' dir='ltr'>usumque</span> <span class='ocrx_word' id='word_1_103' title='bbox 906 1460 1089 1506; x_wconf 88' lang='lat' dir='ltr'>medendi,</span> 
     </span>
     <span class='ocr_line' id='line_1_18' title="bbox 120 1525 942 1578; baseline 0 -13"><span class='ocrx_word' id='word_1_104' title='bbox 120 1525 271 1571; x_wconf 82' lang='lat' dir='ltr'>Maluit,</span> <span class='ocrx_word' id='word_1_105' title='bbox 289 1535 327 1564; x_wconf 90' lang='lat' dir='ltr'>et</span> <span class='ocrx_word' id='word_1_106' title='bbox 347 1535 466 1564; x_wconf 85' lang='lat' dir='ltr'>mutas</span> <span class='ocrx_word' id='word_1_107' title='bbox 486 1526 627 1578; x_wconf 88' lang='lat' dir='ltr'>agitare</span> <span class='ocrx_word' id='word_1_108' title='bbox 646 1526 822 1578; x_wconf 86' lang='lat' dir='ltr'>inglorius</span> <span class='ocrx_word' id='word_1_109' title='bbox 841 1527 942 1565; x_wconf 85' lang='lat' dir='ltr'>artis.</span> 
     </span>
     <span class='ocr_line' id='line_1_19' title="bbox 121 1593 1181 1645; baseline 0.001 -14"><span class='ocrx_word' id='word_1_110' title='bbox 121 1593 269 1638; x_wconf 83' lang='lat' dir='ltr'>Stabat,</span> <span class='ocrx_word' id='word_1_111' title='bbox 288 1594 420 1631; x_wconf 90' lang='lat' dir='ltr'>acerba</span> <span class='ocrx_word' id='word_1_112' title='bbox 439 1593 610 1639; x_wconf 85' lang='lat' dir='ltr'>fremens,</span> <span class='ocrx_word' id='word_1_113' title='bbox 631 1594 818 1645; x_wconf 85' lang='lat' dir='ltr'>ingentem</span> <span class='ocrx_word' id='word_1_114' title='bbox 838 1594 944 1632; x_wconf 87' lang='lat' dir='ltr'>nixus</span> <span class='ocrx_word' id='word_1_115' title='bbox 964 1595 999 1632; x_wconf 92' lang='lat' dir='ltr'>in</span> <span class='ocrx_word' id='word_1_116' title='bbox 1020 1594 1181 1642; x_wconf 66' lang='lat' dir='ltr'>hastam,</span> 
     </span>
     <span class='ocr_line' id='line_1_20' title="bbox 119 1660 993 1712; baseline 0.001 -14"><span class='ocrx_word' id='word_1_117' title='bbox 119 1660 285 1705; x_wconf 83' lang='lat' dir='ltr'>Aeneas,</span> <span class='ocrx_word' id='word_1_118' title='bbox 305 1674 440 1712; x_wconf 90' lang='lat' dir='ltr'>magno</span> <span class='ocrx_word' id='word_1_119' title='bbox 454 1662 626 1712; x_wconf 87' lang='lat' dir='ltr'>juvenum</span> <span class='ocrx_word' id='word_1_120' title='bbox 646 1670 684 1698; x_wconf 90' lang='lat' dir='ltr'>et</span> <span class='ocrx_word' id='word_1_121' title='bbox 705 1662 898 1699; x_wconf 87' lang='lat' dir='ltr'>moerentis</span> <span class='ocrx_word' id='word_1_122' title='bbox 920 1661 993 1699; x_wconf 90' lang='lat' dir='ltr'>Iuli</span> 
     </span>
     <span class='ocr_line' id='line_1_21' title="bbox 120 1727 1068 1778; baseline -0.001 -11"><span class='ocrx_word' id='word_1_123' title='bbox 120 1730 313 1768; x_wconf 84' lang='lat' dir='ltr'>concursu</span> <span class='ocrx_word' id='word_1_124' title='bbox 332 1727 562 1778; x_wconf 85' lang='lat' dir='ltr'>lacrimisque</span> <span class='ocrx_word' id='word_1_125' title='bbox 582 1727 788 1766; x_wconf 88' lang='lat' dir='ltr'>immobilis.</span> <span class='ocrx_word' id='word_1_126' title='bbox 821 1728 902 1774; x_wconf 85' lang='lat' dir='ltr'>Ille,</span> <span class='ocrx_word' id='word_1_127' title='bbox 927 1738 1068 1767; x_wconf 89' lang='lat' dir='ltr'>retorto</span> 
     </span>
     <span class='ocr_line' id='line_1_22' title="bbox 119 1795 1107 1840; baseline -0.001 -6"><span class='ocrx_word' id='word_1_128' title='bbox 119 1795 320 1834; x_wconf 85' lang='lat' dir='ltr'>Paeonium</span> <span class='ocrx_word' id='word_1_129' title='bbox 339 1795 375 1832; x_wconf 88' lang='lat' dir='ltr'>in</span> <span class='ocrx_word' id='word_1_130' title='bbox 396 1809 546 1840; x_wconf 87' lang='lat' dir='ltr'>morem,</span> <span class='ocrx_word' id='word_1_131' title='bbox 573 1795 702 1840; x_wconf 86' lang='lat' dir='ltr'>senior,</span> <span class='ocrx_word' id='word_1_132' title='bbox 729 1795 937 1833; x_wconf 86' lang='lat' dir='ltr'>succinctus</span> <span class='ocrx_word' id='word_1_133' title='bbox 956 1798 1107 1840; x_wconf 73' lang='lat' dir='ltr'>amictu,</span> 
     </span>
     <span class='ocr_line' id='line_1_23' title="bbox 118 1860 1180 1913; baseline 0.001 -13"><span class='ocrx_word' id='word_1_134' title='bbox 118 1860 246 1901; x_wconf 86' lang='lat' dir='ltr'>Multa</span> <span class='ocrx_word' id='word_1_135' title='bbox 265 1875 373 1900; x_wconf 88' lang='lat' dir='ltr'>manu</span> <span class='ocrx_word' id='word_1_136' title='bbox 394 1863 546 1907; x_wconf 90' lang='lat' dir='ltr'>medica,</span> <span class='ocrx_word' id='word_1_137' title='bbox 568 1863 782 1913; x_wconf 88' lang='lat' dir='ltr'>Phoebique</span> <span class='ocrx_word' id='word_1_138' title='bbox 803 1864 1016 1913; x_wconf 74' lang='lat' dir='ltr'>potentibus</span> <span class='ocrx_word' id='word_1_139' title='bbox 1037 1863 1180 1908; x_wconf 79' lang='lat' dir='ltr'>herbis,</span> 
     </span>
     <span class='ocr_line' id='line_1_24' title="bbox 116 1930 1174 1982; baseline 0.003 -15"><span class='ocrx_word' id='word_1_140' title='bbox 116 1930 380 1982; x_wconf 88' lang='lat' dir='ltr'>Nequidquam</span> <span class='ocrx_word' id='word_1_141' title='bbox 400 1930 559 1981; x_wconf 84' lang='lat' dir='ltr'>trepidat</span> <span class='ocrx_word' id='word_1_142' title='bbox 576 1945 587 1976; x_wconf 91' lang='lat'>;</span> <span class='ocrx_word' id='word_1_143' title='bbox 618 1931 863 1981; x_wconf 83' lang='lat' dir='ltr'>nequidquam</span> <span class='ocrx_word' id='word_1_144' title='bbox 883 1931 1022 1982; x_wconf 88' lang='lat' dir='ltr'>spicula</span> <span class='ocrx_word' id='word_1_145' title='bbox 1045 1932 1174 1970; x_wconf 78' lang='lat' dir='ltr'>dextra</span> 
     </span>
     <span class='ocr_line' id='line_1_25' title="bbox 119 1996 1024 2048; baseline 0.001 -13"><span class='ocrx_word' id='word_1_146' title='bbox 119 1996 317 2042; x_wconf 85' lang='lat' dir='ltr'>Sollicitat,</span> <span class='ocrx_word' id='word_1_147' title='bbox 336 2006 557 2048; x_wconf 79' lang='lat' dir='ltr'>prensatque</span> <span class='ocrx_word' id='word_1_148' title='bbox 576 1998 694 2036; x_wconf 84' lang='lat' dir='ltr'>tenaci</span> <span class='ocrx_word' id='word_1_149' title='bbox 716 1997 855 2048; x_wconf 86' lang='lat' dir='ltr'>forcipe</span> <span class='ocrx_word' id='word_1_150' title='bbox 875 1998 1024 2036; x_wconf 82' lang='lat' dir='ltr'>ferrum.</span> 
     </span>
     <span class='ocr_line' id='line_1_26' title="bbox 116 2063 1106 2117; baseline 0.001 -15"><span class='ocrx_word' id='word_1_151' title='bbox 116 2063 231 2102; x_wconf 88' lang='lat' dir='ltr'>Nulla</span> <span class='ocrx_word' id='word_1_152' title='bbox 251 2064 344 2101; x_wconf 85' lang='lat' dir='ltr'>viam</span> <span class='ocrx_word' id='word_1_153' title='bbox 366 2064 531 2102; x_wconf 84' lang='lat' dir='ltr'>Fortuna</span> <span class='ocrx_word' id='word_1_154' title='bbox 551 2065 646 2117; x_wconf 85' lang='lat' dir='ltr'>regit</span> <span class='ocrx_word' id='word_1_155' title='bbox 663 2081 673 2111; x_wconf 93' lang='lat'>;</span> <span class='ocrx_word' id='word_1_156' title='bbox 705 2065 793 2102; x_wconf 88' lang='lat' dir='ltr'>nihil</span> <span class='ocrx_word' id='word_1_157' title='bbox 814 2075 944 2102; x_wconf 84' lang='lat' dir='ltr'>auctor</span> <span class='ocrx_word' id='word_1_158' title='bbox 959 2065 1106 2116; x_wconf 88' lang='lat' dir='ltr'>Apollo</span> 
     </span>
     <span class='ocr_line' id='line_1_27' title="bbox 117 2130 1175 2184; baseline 0.002 -15"><span class='ocrx_word' id='word_1_159' title='bbox 117 2130 316 2175; x_wconf 77' lang='lat' dir='ltr'>Subvenit3</span> <span class='ocrx_word' id='word_1_160' title='bbox 345 2138 382 2168; x_wconf 90' lang='lat' dir='ltr'>et</span> <span class='ocrx_word' id='word_1_161' title='bbox 398 2144 522 2168; x_wconf 88' lang='lat' dir='ltr'>saevus</span> <span class='ocrx_word' id='word_1_162' title='bbox 541 2132 679 2182; x_wconf 86' lang='lat' dir='ltr'>campis</span> <span class='ocrx_word' id='word_1_163' title='bbox 696 2132 824 2184; x_wconf 77' lang='lat' dir='ltr'>magis,</span> <span class='ocrx_word' id='word_1_164' title='bbox 844 2146 885 2169; x_wconf 80' lang='lat' dir='ltr'>ac</span> <span class='ocrx_word' id='word_1_165' title='bbox 902 2134 1029 2184; x_wconf 85' lang='lat' dir='ltr'>magis,</span> <span class='ocrx_word' id='word_1_166' title='bbox 1045 2133 1175 2171; x_wconf 86' lang='lat' dir='ltr'>horror</span> 
     </span>
     <span class='ocr_line' id='line_1_28' title="bbox 116 2196 1175 2250; baseline 0.005 -16"><span class='ocrx_word' id='word_1_167' title='bbox 116 2196 342 2242; x_wconf 84' lang='lat' dir='ltr'>Crebrescit,</span> <span class='ocrx_word' id='word_1_168' title='bbox 358 2198 582 2249; x_wconf 89' lang='lat' dir='ltr'>propiusque</span> <span class='ocrx_word' id='word_1_169' title='bbox 596 2199 729 2236; x_wconf 86' lang='lat' dir='ltr'>malum</span> <span class='ocrx_word' id='word_1_170' title='bbox 743 2209 810 2237; x_wconf 84' lang='lat' dir='ltr'>est.</span> <span class='ocrx_word' id='word_1_171' title='bbox 833 2200 915 2238; x_wconf 82' lang='lat' dir='ltr'>Jam</span> <span class='ocrx_word' id='word_1_172' title='bbox 930 2200 1077 2250; x_wconf 84' lang='lat' dir='ltr'>pulvere</span> <span class='ocrx_word' id='word_1_173' title='bbox 1090 2214 1175 2239; x_wconf 87' lang='lat' dir='ltr'>eoe-</span> 
     </span>
     <span class='ocr_line' id='line_1_29' title="bbox 114 2262 1178 2320; baseline 0.004 -19"><span class='ocrx_word' id='word_1_174' title='bbox 114 2262 220 2302; x_wconf 81' lang='lat' dir='ltr'>Stare</span> <span class='ocrx_word' id='word_1_175' title='bbox 234 2264 375 2310; x_wconf 83' lang='lat' dir='ltr'>vident;</span> <span class='ocrx_word' id='word_1_176' title='bbox 390 2266 546 2304; x_wconf 88' lang='lat' dir='ltr'>subeunt</span> <span class='ocrx_word' id='word_1_177' title='bbox 561 2266 717 2317; x_wconf 74' lang='lat' dir='ltr'>equiteS,</span> <span class='ocrx_word' id='word_1_178' title='bbox 729 2277 765 2304; x_wconf 89' lang='lat' dir='ltr'>et</span> <span class='ocrx_word' id='word_1_179' title='bbox 781 2267 919 2319; x_wconf 87' lang='lat' dir='ltr'>spicula</span> <span class='ocrx_word' id='word_1_180' title='bbox 932 2268 1060 2306; x_wconf 74' lang='lat' dir='ltr'>castris</span> <span class='ocrx_word' id='word_1_181' title='bbox 1073 2267 1178 2320; x_wconf 70' lang='lat' dir='ltr'>[lunr&#39;</span> 
     </span>
    </p>
   </div>
   <div class='ocr_carea' id='block_1_3' title="bbox 167 2323 750 2386">
    <p class='ocr_par' dir='ltr' id='par_1_3' title="bbox 167 2323 750 2386">
     <span class='ocr_line' id='line_1_30' title="bbox 167 2323 750 2386; baseline 0.007 -18"><span class='ocrx_word' id='word_1_182' title='bbox 167 2329 286 2369; x_wconf 71' lang='lat' dir='ltr'><strong>Tom.</strong></span> <span class='ocrx_word' id='word_1_183' title='bbox 315 2323 378 2370; x_wconf 81' lang='lat'>11.</span> <span class='ocrx_word' id='word_1_184' title='bbox 653 2333 694 2372; x_wconf 89' lang='lat' dir='ltr'>G</span> <span class='ocrx_word' id='word_1_185' title='bbox 723 2348 750 2386; x_wconf 85' lang='lat' dir='ltr'>g</span> 
     </span>
    </p>
   </div>
  </div>
 </body>
</html>
