1455 2685
348 449 392 486 P.
422 446 684 486 VIRGILII
714 445 986 485 MARONIS

170 631 1169 692 AENEIDUS

493 829 675 868 LIBER
733 829 836 868 XII.

136 1102 322 1141 Taunus
344 1110 400 1147 ut,
428 1101 606 1140 infractos
624 1102 775 1140 adverso
797 1102 937 1147 Marte,
967 1101 1126 1140 Latinos

136 1169 330 1208 Defecisse
351 1169 463 1214 videt,
493 1183 557 1207 sua
576 1183 672 1207 nunc
693 1170 871 1220 promissa
890 1170 1048 1220 reposci,

138 1237 186 1275 Se
206 1237 340 1289 signari
359 1237 476 1275 oculis
494 1253 505 1283 ;
536 1237 634 1275 ultro
654 1237 896 1288 implacabilis
916 1238 1034 1282 ardet,

134 1303 371 1355 Attollitque
391 1304 540 1344 animos.
598 1305 808 1343 Poenorum
829 1304 945 1355 qualis
975 1305 1010 1341 in
1031 1303 1139 1350 arvis,

136 1372 290 1410 Saucius
307 1371 368 1410 ille
387 1373 489 1424 gravi
509 1382 703 1410 venantum
722 1373 867 1410 volnere
887 1380 1032 1423 pectuS,

132 1438 237 1478 Tum
256 1440 403 1477 demum
422 1451 546 1478 movet
564 1454 664 1478 arma
682 1440 740 1478 leo
756 1456 766 1487 ;
788 1440 1001 1492 gaudetque
1014 1439 1195 1478 comantis

136 1507 344 1545 Excutiens
363 1509 503 1546 cervice
521 1517 637 1552 toros,
670 1509 859 1559 fixumque
879 1508 1029 1545 latronis

136 1575 349 1626 Impavidus
369 1575 506 1628 frangit
527 1576 656 1620 telum,
684 1585 721 1613 et
741 1576 863 1613 fremit
882 1589 945 1613 ore
964 1583 1138 1614 cruento:

134 1643 254 1682 Haud
274 1657 378 1682 secus
398 1657 550 1681 accenso
569 1644 692 1695 gliscit
715 1643 888 1681 violentia
909 1643 1055 1681 Turno.

134 1710 238 1748 Tum
257 1710 308 1748 sic
327 1710 461 1748 affatur
478 1725 615 1762 regem,
645 1719 756 1762 atque
776 1711 827 1748 ita
847 1711 1017 1749 turbidus
1038 1711 1118 1749 infit
1136 1727 1148 1758 ς

134 1777 248 1817 Nulla
262 1792 363 1816 mora
374 1779 409 1815 in
425 1777 578 1824 Turn0;
596 1777 684 1815 nihil
695 1787 751 1816 est
765 1780 868 1830 quod
880 1779 979 1817 dicta
993 1788 1194 1819 retractent

134 1845 267 1898 Ignavi
286 1845 501 1892 Aeneadae,
530 1859 611 1891 nec,
640 1859 732 1896 quae
752 1847 943 1899 pepigere,
972 1857 1156 1887 recusent.

133 1912 380 1964 Congredior.
411 1913 484 1950 Fer
503 1926 615 1958 sacra,
635 1923 754 1964 pater,
786 1923 823 1951 et
842 1915 998 1965 concipe
1018 1914 1162 1954 foedus.

134 1980 223 2019 Aut
242 1979 311 2017 hac
331 1980 564 2018 Dardanium
585 1981 715 2018 dextra
734 1982 801 2019 sub
822 1980 981 2019 Tartara
1000 1983 1158 2029 mittam,

136 2046 379 2085 Desertorem
413 2048 542 2093 Asiae,
575 2048 744 2102 (sedeant
778 2057 1020 2099 spectentque
1041 2048 1192 2103 Latini)

136 2113 192 2152 Et
211 2113 308 2152 solus
327 2114 424 2153 ferro
443 2116 579 2153 crimen
599 2129 794 2154 commune
814 2115 973 2153 refellam
990 2131 999 2155 :

135 2181 224 2220 Aut
243 2181 377 2220 habeat
396 2183 539 2230 victos;
568 2184 675 2222 cedat
697 2184 851 2222 Lavinia
869 2186 1045 2235 conjunx.

189 2249 267 2289 Olli
288 2250 414 2290 sedato
433 2252 622 2304 respondit
643 2253 756 2290 corde
778 2252 963 2292 Latinus:

599 2319 634 2358 E
663 2333 684 2357 e
715 2321 756 2357 2.
