1455 2685
122 408 124 411 .
188 374 222 400 v.
239 362 329 399 938.
489 357 790 398 AENEmos
847 359 946 398 ΧΠ.
1157 362 1236 399 253

190 471 358 510 Ulterius
384 484 428 508 ne
446 471 556 508 tende
575 470 680 508 odiis.
739 470 852 509 Stetit
871 483 952 508 acer
969 470 1004 507 in
1024 471 1130 509 armis

187 539 354 583 Aeneas,
374 538 519 576 volvens
538 537 679 582 oculos,
699 537 939 588 dextramque
955 537 1123 588 repressit
1139 553 1149 576 ε

189 604 245 642 Et
258 607 347 656 jam,
369 606 516 656 jamque
535 604 664 655 magis,
692 612 923 641 cunctantem
954 604 1101 641 flectere
1121 617 1237 642 sermo

190 673 390 722 Coeperat,
410 671 533 708 infelix
554 671 704 708 humero
720 685 803 708 cum
824 671 993 721 apparuit
1012 670 1087 708 alto

190 737 354 783 Balteus,
381 747 418 775 et
436 738 531 775 notis
551 737 732 775 fulserunt
751 737 896 789 cingula
916 737 1039 782 bullis,

191 804 366 842 Pallantis
391 804 520 854 pueri;
550 804 685 841 victum
706 818 812 854 quern
833 804 976 841 volnere
991 804 1142 842 Turnus

191 871 390 915 Straverat‚
416 879 526 921 atque
539 871 696 908 humeris
713 870 897 908 inimicum
917 870 1055 922 insigne
1070 870 1232 922 gerebat.

190 937 274 982 Ille,
292 937 406 975 oculis
426 946 620 988 postquam
636 937 729 975 saevi
749 946 980 974 monumenta
999 937 1132 975 doloris

190 1003 426 1054 Exuviasque
446 1003 579 1048 hausit,
601 1003 702 1042 furiis
723 1017 906 1048 accensus,
926 1013 964 1041 et
984 1004 1037 1041 ira

190 1069 381 1108 Terribilis
399 1085 408 1108 ε
440 1070 549 1108 Tune
569 1071 667 1116 hinc,
696 1071 818 1122 spoliis
838 1071 963 1108 indute
982 1085 1160 1117 meorum,

192 1137 359 1187 Eripiare
379 1137 466 1174 mihi
487 1138 500 1176 ?
530 1137 647 1176 Pallas
666 1147 703 1175 te
722 1138 793 1175 hoc
808 1137 969 1182 volnere,
999 1138 1117 1176 Pallas

192 1204 380 1249 Immolat,
408 1213 446 1242 et
461 1218 614 1254 poenam
636 1205 809 1242 scelerato
829 1219 875 1242 ex
898 1205 1068 1256 sanguine
1089 1204 1210 1243 sumit.

192 1272 282 1310 Hoc
303 1272 437 1316 dicens,
464 1271 598 1309 ferrum
620 1273 769 1310 adverso
791 1273 856 1309 sub
877 1280 1027 1323 pectore
1048 1273 1173 1310 condit

193 1337 367 1375 Fervidus
384 1352 394 1375 ε
425 1346 480 1374 ast
498 1336 548 1374 illi
569 1336 759 1374 solvuntur
778 1336 913 1387 frigore
933 1337 1104 1383 membra,

192 1402 356 1455 Vita⁸que
374 1417 460 1443 cum
478 1403 621 1457 gemitu
641 1402 743 1455 fugit
763 1403 950 1455 indignata
968 1404 1034 1442 sub
1055 1403 1210 1441 umbras.

591 1655 826 1694 FINIS.

595 1873 846 1895 ΙΙ

833 2069 936 2113 Typis
952 2069 1087 2102 Roberti
1103 2070 1215 2102 Tullis.
