1455 2685
206 318 283 354 110
469 316 773 357 AENEIDOS
829 317 955 356 VIII.
1114 333 1147 358 v.
1165 322 1254 360 383.

199 429 322 467 Arma
341 443 447 481 rogo,
475 430 644 481 genetrix
665 439 765 467 nato.
824 430 884 467 Te
903 429 976 466 filia
997 429 1123 476 Nerei,

199 496 258 533 Te
278 497 403 546 potuit
422 496 577 533 lacrimis
598 497 779 535 Tithonia
795 497 943 534 flectere
973 499 1148 548 conjunx,

197 562 382 612 Adspice,
413 563 475 613 qui
495 566 627 601 coe'ant
647 563 789 613 populi,
810 577 903 614 quae
923 564 1066 602 moenia
1085 563 1216 604 clausis

199 631 351 669 Ferrum
370 640 501 668 acuant
521 631 653 680 portis,
677 631 712 667 in
728 644 784 668 me
804 630 1058 682 excidiumque
1077 647 1251 671 meorum.

197 698 357 737 Dixerat
376 714 387 744 余
416 707 454 736 et
474 697 585 735 niveis
603 697 701 742 hinc,
721 707 833 748 atque
851 698 951 744 hinc,
980 700 1063 737 diva
1081 700 1228 739 lacertis

196 766 444 805 Cunctantem
462 765 634 815 amplexu
655 764 754 802 molli
774 765 886 803 fovet.
949 766 1017 804 Ille
1037 779 1188 818 repente

196 833 367 883 Accepit
387 832 530 870 solitam
551 833 733 870 flammam
750 848 761 879 余
790 842 973 884 notusque
991 834 1169 873 medullas

197 899 356 937 Intravit
375 898 486 944 calor,
507 909 544 937 et
564 899 745 937 labefacta
763 914 829 950 per
846 914 927 937 ossa
945 901 1108 939 cucurrit
1123 916 1133 939 :

195 965 282 1005 Non
303 979 405 1004 secus
425 976 536 1017 atque
556 966 655 1010 olim,
676 967 818 1004 tonitru
834 981 949 1018 quum
968 977 1077 1018 rupta
1096 981 1250 1008 corusco

194 1033 313 1084 Ignea
330 1033 419 1070 rima
438 1034 573 1071 micans
594 1035 777 1085 percurrit
798 1034 933 1072 lumine
954 1035 1111 1073 nimbos.

195 1100 331 1145 Sensit,
350 1100 445 1138 laeta
464 1100 571 1145 dolis,
599 1110 636 1138 et
657 1101 795 1139 formae
815 1101 976 1145 conscia,
1005 1105 1181 1155 conjunx.

192 1166 295 1204 Tum
315 1177 420 1217 pater
439 1176 585 1205 aeterno
605 1167 704 1206 fatur
724 1169 916 1207 devinctus
936 1182 1059 1207 amore
1077 1184 1087 1208 :

193 1234 297 1284 Quid
315 1248 458 1272 caussas
478 1235 574 1285 petis
592 1249 637 1273 ex
657 1235 733 1273 alto
752 1237 765 1275 ?
794 1236 930 1274 fiducia
950 1236 1062 1274 cessit

193 1302 282 1351 Quo
303 1301 385 1346 tibi,
414 1302 508 1344 diva,
537 1303 606 1340 mei
625 1304 639 1341 ?
667 1303 792 1341 similis
811 1304 839 1341 si
859 1318 947 1342 cura
966 1304 1108 1350 fuisset,

191 1368 294 1406 Tum
316 1383 466 1420 quoque
486 1369 542 1406 fas
561 1370 666 1408 nobis
687 1370 857 1408 Teucros
875 1385 1012 1409 armare
1033 1372 1161 1409 fuisset
1179 1387 1190 1417 余

191 1436 271 1474 Nec
293 1437 403 1474 Pater
421 1436 651 1487 omnipotens
671 1437 824 1490 Trojam
853 1452 919 1475 nec
940 1438 1016 1475 fata
1037 1439 1209 1476 vetabant

192 1505 310 1547 Stare,
327 1504 526 1553 decemque
538 1503 626 1541 alios
640 1505 824 1542 Priamum
837 1519 1023 1555 superesse
1039 1520 1104 1555 per
1116 1519 1242 1544 annos.

190 1571 245 1608 Et
264 1586 373 1614 nunc,
387 1571 413 1608 si
433 1571 565 1609 bellare
584 1586 703 1622 paras,
723 1581 834 1623 atque
849 1574 940 1611 haec
955 1573 1023 1611 tibi
1039 1588 1138 1611 mens
1154 1584 1211 1612 est
1228 1591 1240 1622 3

189 1639 384 1689 Quidquid
403 1639 437 1675 in
458 1648 536 1676 arte
555 1653 634 1676 mea
653 1653 800 1690 possum
821 1641 1038 1691 promittere
1065 1655 1188 1687 curae,

189 1707 304 1757 Quod
324 1706 399 1743 fieri
420 1706 515 1743 ferro
535 1706 721 1757 liquidove
741 1715 865 1757 potest
885 1707 1038 1753 electro,

189 1776 381 1825 Quantum
400 1773 503 1825 ignes
522 1773 730 1829 animaeque
744 1773 862 1811 valent
881 1789 889 1811 :
907 1775 1043 1813 absiste
1059 1777 1244 1826 precando

187 1841 339 1879 Viribus
358 1841 564 1878 indubitare
584 1840 671 1878 tuis.
729 1841 787 1878 Ea
806 1842 916 1879 verba
935 1842 1099 1889 locutus,

189 1909 356 1959 Optatos
375 1908 476 1945 dedit
497 1907 702 1958 amplexuS,
729 1907 988 1960 placidumque
1007 1910 1153 1960 petivit,

188 1974 367 2027 Conjugis
386 1974 527 2012 infusus
546 1975 700 2026 gremio,
730 1989 796 2025 per
815 1976 975 2013 membra
1004 1990 1187 2027 soporem.

243 2042 347 2085 Inde,
375 2040 438 2078 ubi
469 2042 585 2092 prima
604 2043 708 2092 quies
728 2042 848 2080 medio
863 2045 938 2094 jam
958 2044 1075 2081 noctis
1095 2044 1244 2081 abactae

188 2107 383 2147 Curriculo
393 2108 586 2158 expulerat
599 2123 764 2146 somnum
776 2124 786 2154 余
801 2124 912 2159 quum
929 2109 1059 2147 femina
1073 2111 1242 2160 primum,

188 2175 260 2214 Cui
279 2174 433 2212 tolerare
453 2175 537 2213 colo
557 2176 681 2221 vitam,
710 2176 885 2227 tenuique
907 2177 1088 2221 Minerva,

190 2242 424 2293 Impositum,
453 2243 610 2281 cinerem
630 2253 666 2282 et
687 2244 829 2295 sopitos
849 2244 1001 2283 suscitat
1022 2243 1129 2296 ignis,
