1455 2685
170 323 205 347 v.
224 309 313 352 774⁴.
503 306 802 347 AENEIDOS
858 308 908 344 V.
1168 309 1221 346 29

177 421 277 469 Ipse,
297 427 408 469 caput
429 417 667 471 tonsae-foliis
686 417 850 454 evinctus
869 416 996 460 olivae,

180 488 288 524 Stans
307 485 436 536 procul
455 485 489 523 in
510 499 629 535 prora,
643 493 803 534 pateram
817 494 931 527 tenet,
947 473 1102 533 extaque
1115 484 1223 522 salsos

179 552 337 590 Porricit
356 552 391 588 in
412 552 557 594 fluctus,
577 565 618 587 ac
639 551 718 587 vina
736 549 911 600 liquentia
931 549 1063 586 fundit.

178 618 419 667 Prosequitur
438 630 588 667 surgens
607 615 754 665 apuppi
773 624 899 652 ventus
918 616 1035 652 euntis
1055 630 1064 652 :

178 684 356 723 Certatim
377 683 463 720 socii
483 682 616 723 feriunt
637 696 744 725 mare,
766 690 802 718 et
822 695 977 731 aequora
998 692 1156 718 verrunt.

230 752 292 788 At
312 751 438 788 Venus
456 749 592 786 interea
613 749 842 798 Neptunum,
862 749 1019 784 exercita
1039 750 1146 792 curis,

177 816 412 866 Alloquitur,
439 815 593 865 talisque
613 814 767 852 effundit
787 823 935 864 pectore
956 824 1105 863 questus
1121 828 1133 851 ε

178 884 200 921 J
205 882 330 920 unonis
350 882 469 933 gravis
488 882 539 917 ira
559 895 624 918 nec
643 880 887 917 exsaturabile
909 888 1037 929 pectus

178 950 331 1000 Cogunt
352 962 420 991 me,
443 948 630 997 Neptune,
651 961 775 996 preces
795 947 1010 983 descendere
1031 945 1064 982 in
1085 945 1224 982 onmis:

179 1016 303 1065 Quam
323 1029 389 1052 uec
409 1014 518 1065 longa
537 1013 626 1057 dies,
647 1013 761 1064 pietas
783 1026 846 1050 nec
868 1013 1014 1062 mitigat
1034 1012 1105 1048 ulla
1122 1026 1134 1057 ;

180 1082 262 1119 Nec
282 1081 380 1119 Jovis
400 1081 550 1131 imperio
570 1078 697 1116 fatisve
717 1079 869 1115 infracta
891 1078 1057 1127 quiescit.

179 1147 265 1184 Non
285 1146 401 1183 media
418 1146 463 1183 de
481 1154 591 1196 gente
622 1145 812 1196 Phrygum
831 1146 992 1181 exedisse
1014 1143 1174 1181 nefandis

180 1213 322 1267 Urbem
343 1212 434 1248 odiis
455 1211 540 1248 satis
555 1221 623 1255 est,
645 1225 708 1247 nec
726 1224 878 1260 poenam
894 1220 994 1247 traxe
1007 1224 1072 1259 per
1086 1223 1229 1246 omnem

183 1278 371 1328 Reliquias
388 1293 398 1315 :
430 1279 466 1315 T
469 1279 564 1329 rojae
584 1277 720 1314 cineres
741 1285 850 1326 atque
870 1289 950 1312 ossa
968 1285 1150 1325 peremtae

182 1344 404 1395 Insequitur.
436 1343 590 1381 caussas
610 1342 702 1379 tanti
723 1342 812 1378 sciat
832 1341 892 1378 illa
912 1341 1054 1378 furoris.

181 1411 267 1461 Ipse
286 1410 387 1455 mihi,
416 1423 531 1459 nuper
551 1408 721 1458 Libycis,
742 1416 783 1444 tu
804 1409 919 1453 testis,
947 1408 982 1444 in
1003 1409 1106 1445 undis

183 1478 306 1526 Quam
326 1474 456 1515 molem
475 1475 597 1512 subito
617 1474 779 1511 excierit.
811 1474 930 1511 Maria
950 1475 1068 1511 omnia
1088 1473 1189 1511 coelo

181 1543 352 1587 Miscuit,
371 1542 516 1579 Aeoliis
535 1541 778 1591 nequidquam
797 1539 891 1576 freta
910 1540 1093 1590 procellis,

185 1610 230 1646 In
250 1608 370 1660 regnis
389 1608 461 1645 lioc
481 1621 565 1644 ausa
584 1607 668 1644 tuis.

183 1676 254 1714 Per
273 1674 387 1713 scelus
406 1676 514 1711 ecee!
548 1673 657 1710 etiarn
677 1672 846 1724 Trojanis
867 1673 1040 1709 matribus
1061 1673 1151 1709 actis

184 1741 337 1779 Exussit
355 1740 459 1778 foede
478 1741 613 1790 puppis
630 1755 639 1784 ;
669 1747 706 1776 et
726 1738 838 1776 classe
859 1740 1005 1790 subegit

182 1807 332 1845 Amissa
353 1806 468 1844 socios
488 1806 635 1857 ignotae
655 1806 816 1856 linquere
836 1815 962 1844 terrae.

185 1874 299 1924 Quod
320 1882 496 1924 superest,
516 1887 596 1917 oro,
624 1872 731 1909 liceat
750 1872 833 1908 dare
853 1881 934 1909 tuta
955 1886 1019 1922 per
1039 1872 1151 1908 undas

184 1940 277 1978 Vela
295 1940 388 1985 tibi3
418 1939 526 1976 liceat
548 1939 771 1976 Laurentem
791 1938 971 1989 attingere
993 1938 1177 1987 Thybrim
1191 1953 1202 1974 :

188 2006 227 2044 Si
247 2019 418 2044 concessa
437 2014 536 2055 peto,
567 2006 594 2042 si
623 2006 711 2042 dant
730 2018 773 2041 ea
793 2006 932 2041 moenia
955 2005 1097 2041 Parcae.

237 2071 339 2110 Tum
360 2072 552 2109 Saturnius
572 2072 659 2108 haec
681 2071 842 2108 domitor
858 2071 961 2106 maris
980 2071 1094 2107 edidit
1115 2069 1176 2110 alti
1193 2084 1202 2106 :

188 2139 260 2178 Fas
277 2153 383 2176 omne
402 2148 470 2182 est,
491 2138 690 2188 Cytherea,
720 2138 805 2174 meis
824 2147 860 2174 te
882 2137 990 2173 fidere
1011 2137 1142 2186 regnis,

189 2204 301 2248 Unde
321 2218 433 2256 genus
452 2205 568 2242 ducis.
600 2204 722 2244 Merui
743 2218 889 2254 quoque
906 2219 917 2242 ι
948 2216 1052 2253 saepe
1068 2204 1205 2238 furores
