1455 2685
156 285 190 309 v.
209 269 299 312 270.
486 268 785 308 AENEIDOS
840 269 891 307 V.
1153 275 1197 313 11

156 382 298 433 Quum,
317 393 422 418 saevo
440 394 460 418 e
478 380 629 430 scopulo
649 381 763 418 multa
781 380 840 417 vix
861 389 937 418 arte
957 381 1131 427 revolsus,

154 446 313 486 Amissis
333 446 450 490 remis,
479 455 589 496 atque
607 446 730 483 ordine
750 445 878 483 debilis
897 460 984 491 uno,
1064 446 1066 449 ’

155 513 302 550 Irrisam
321 512 394 549 sine
413 512 547 549 honore
568 522 680 549 ratem
701 513 894 563 Sergestus
913 513 1060 564 agebat.

155 579 284 629 Qualis
305 593 407 628 saepe
428 578 501 616 viae
521 578 716 629 deprensus
736 579 770 615 in
793 592 926 630 aggere
947 594 1106 630 serpens,

154 646 280 684 Aerea
298 659 405 695 quem
424 645 614 694 obliquum
634 655 714 682 rota
734 645 887 689 transiit,
906 655 969 684 aut
990 647 1108 698 gravis
1122 647 1197 685 ictu

159 712 384 751 Sffininecem
403 711 511 762 liquit
530 712 603 749 saxi
622 711 851 762 lacerumque
871 713 986 750 viator
1003 729 1014 758 ;

154 778 416 831 Nequidquam
434 778 564 830 longos
583 778 725 830 fugiens
753 780 816 816 dat
836 793 989 829 corpore
1009 789 1144 827 tortus,

151 846 263 884 Parte
283 845 400 889 ferox,
419 846 618 895 ardensque
638 844 766 890 oculis,
793 854 829 882 et
851 846 952 882 sibila
971 846 1065 884 colla

151 914 305 953 Arduus
324 912 518 958 attollens;
550 926 642 963 pars,
671 912 813 949 volnere
833 912 975 957 clauda,
996 923 1159 952 retentat

151 979 358 1018 Nexantem
377 979 492 1024 nodis,
512 993 620 1029 seque
640 979 674 1015 in
695 992 757 1016 sua
776 980 936 1017 membra
951 980 1168 1030 plicantem:

150 1046 236 1084 Tali
256 1047 409 1099 remigio
429 1046 526 1083 navis
546 1059 582 1083 se
603 1046 706 1083 tarda
725 1047 892 1084 movebat
910 1062 921 1092 ;

150 1112 245 1150 Vela
265 1113 354 1150 facit
374 1123 510 1157 tamen,
536 1122 574 1150 et
594 1112 678 1149 velis
697 1114 794 1150 subit
813 1114 905 1150 ostia
924 1113 1051 1164 plenis,

152 1179 363 1230 Sergestum
384 1180 531 1217 Aeneas
552 1179 726 1227 promisso
747 1192 892 1216 munere
912 1180 1037 1224 donat,

151 1247 337 1284 Servatam
356 1247 404 1283 ob
424 1259 548 1282 navem
567 1245 694 1285 laetus,
725 1245 913 1295 sociosque
933 1248 1116 1285 reductos.

150 1311 227 1351 Olli
247 1326 344 1349 serva
363 1312 482 1354 datur,
502 1324 653 1360 operum
673 1311 771 1347 haud
799 1312 924 1362 ignara
945 1312 1145 1359 Minervae,

148 1378 277 1417 Cressa
295 1392 421 1430 genus,
453 1378 607 1420 Pholoe,
637 1377 843 1428 geminique
864 1379 929 1415 sub
943 1379 1060 1432 ¹ubere
1080 1380 1169 1418 nati.

202 1445 292 1482 Hoc
311 1445 391 1495 pius
410 1445 558 1482 Aeneas
579 1444 684 1480 misso
700 1445 896 1481 certamine
917 1446 1034 1482 tendit

149 1511 386 1551 Gramineum
399 1512 433 1548 in
449 1525 630 1561 campum,
651 1525 758 1561 quem
774 1511 927 1548 collibus
941 1512 1099 1562 undique
1115 1527 1196 1550 cur.

147 1577 358 1629 Cingebant
377 1577 482 1615 silvae
500 1593 509 1615 :
541 1578 727 1627 mediaque
747 1578 781 1614 in
804 1578 891 1628 valle
912 1578 1044 1616 theatri
1121 1581 1196 1631 [vis

147 1643 277 1682 Circus
296 1653 386 1689 erat,
406 1659 480 1695 quo
500 1659 536 1682 se
556 1644 679 1682 multis
699 1659 781 1682 cum
802 1644 960 1682 millibus
980 1646 1088 1684 heros

146 1711 327 1750 consessu
348 1712 504 1749 medium
523 1711 623 1754 tulit,
643 1721 906 1762 exstructoque
927 1713 1071 1751 resedit.

145 1777 240 1823 Hic,
259 1778 321 1828 qui
339 1778 435 1816 forte
455 1778 562 1816 velint
584 1780 709 1828 rapido
730 1780 950 1816 contendere
969 1793 1093 1826 cursu,

146 1845 285 1884 Invitat
305 1845 430 1896 pretiis
449 1846 598 1888 animos,
618 1855 653 1882 et
677 1846 833 1895 praemia
853 1846 968 1895 ponit.

145 1911 320 1962 Undique
339 1912 556 1949 conveniunt
586 1912 738 1956 Teucri,
768 1912 943 1963 mixtique
965 1912 1113 1959 Sicani3

145 1978 258 2016 Nisus
276 1988 314 2016 et
337 1979 520 2029 Euryalus
540 1979 644 2029 primi
662 1995 671 2016 :

147 2045 347 2095 Euryalus,
376 2045 493 2083 forma
512 2046 674 2097 insignis,
703 2046 881 2097 viridique
895 2049 1070 2099 juventa;

147 2111 274 2156 Nisus,
298 2125 418 2150 amore
438 2113 498 2162 pio
520 2115 619 2163 pueri
640 2128 648 2151 :
680 2127 771 2163 quos
791 2114 920 2152 deinde
941 2124 1088 2152 secutus

150 2176 290 2230 Regius
307 2179 455 2230 egregia
476 2180 606 2218 Priami
628 2181 672 2218 de
691 2181 803 2232 stirpe
826 2181 960 2220 Diores
978 2195 987 2219 :

625 2247 711 2285 ΒΞ
