1455 2685
226 286 276 321 58
519 280 824 343 AJENEIDOS
877 280 953 318 VI.
1138 294 1171 318 v.
1189 282 1279 324 689.

226 393 337 437 Nate,
358 401 435 437 tua,
463 401 501 430 et
521 401 626 430 notas
646 392 770 429 audire
797 400 835 429 et
855 391 1002 428 reddere
1023 404 1129 429 voces
1147 392 1160 430 ?

224 461 286 499 Sic
306 461 474 511 equidem
494 460 673 497 ducebam
693 459 826 503 animo,
847 459 1038 509 rebarque,
1058 458 1241 504 futurum,

223 527 412 577 Tempora
432 527 659 564 dinumerans
679 541 690 570 ς
719 539 785 562 nec
806 539 862 562 me
883 539 961 562 mea
981 539 1069 563 cura
1089 525 1233 563 fefellit.

224 595 417 645 Quasego
437 603 474 630 te
495 602 608 630 terras
627 600 664 629 et
685 600 822 642 quanta
842 606 909 642 per
928 605 1088 642 aequora
1107 602 1253 631 vectum

223 661 388 710 Accipio
407 663 415 697 l
450 659 594 710 quantis
611 662 805 710 jactatum,
825 668 921 702 nate,
944 659 1086 709 periclis
1104 662 1112 697 i

223 729 347 778 Quam
368 727 494 772 metui,
515 742 558 764 ne
579 727 668 777 quid
690 726 836 777 Libyae
855 726 923 763 tibi
944 741 1056 778 regna
1076 736 1248 766 nocerent
1265 730 1274 765 Ξ

223 795 291 832 1116
312 804 458 833 autem:
490 794 577 832 Tua
597 808 666 838 me,
687 794 846 845 genitor,
867 804 930 831 tua
946 794 1059 831 tristis
1078 794 1214 846 imago,

224 862 377 912 Saepius
396 875 604 905 occurrens,
625 861 713 898 haec
734 860 853 897 limina
875 861 1023 898 tendere
1043 861 1168 912 adegit
1185 877 1194 898 z

224 929 334 966 Stant
354 928 425 965 sale
445 927 642 978 Tyrrheno
663 927 806 965 classes.
839 928 902 965 Da
916 930 1070 979 jungere
1090 928 1276 973 dextram,

221 996 297 1037 Da,
319 995 490 1047 genitor;
520 1005 631 1045 teque
651 994 821 1045 amplexu
841 1008 884 1031 ne
905 996 1076 1032 subtrahe
1098 1005 1234 1035 nostro,

223 1064 284 1101 Sic
305 1076 517 1106 memorans,
546 1061 649 1112 largo
671 1061 759 1097 fletu
781 1060 882 1097 simul
903 1075 966 1097 ora
985 1061 1141 1112 rigabat.

220 1129 300 1167 Ter
318 1139 470 1167 conatus
490 1128 539 1165 ibi
559 1127 654 1165 collo
675 1127 760 1164 dare
779 1127 929 1164 brachia
952 1127 1114 1166 circum:

221 1196 313 1240 Ter,
333 1195 468 1232 frustra
486 1208 712 1245 comprensa,
733 1207 859 1231 manus
879 1193 1012 1245 effugit
1032 1195 1167 1246 imago,

220 1262 292 1300 Par
310 1262 447 1299 levibus
467 1261 596 1306 ventis,
617 1261 830 1311 volucrique
847 1260 1026 1298 simillima
1047 1275 1188 1298 somno.

275 1330 420 1366 Interea
439 1322 538 1365 videt
556 1328 706 1365 Aeneas
725 1329 760 1365 in
781 1327 870 1365 valle
891 1328 1042 1365 reducta

220 1397 412 1435 Seclusum
433 1409 568 1439 nemus,
588 1404 626 1433 et
641 1395 801 1447 virgulta
820 1395 983 1432 sonantia
1003 1395 1112 1439 silvis,

219 1463 647 1513 Lethaeumque,domos
659 1462 818 1512 placidas
830 1462 892 1512 qui
904 1470 1107 1511 praenatat‚
1117 1475 1270 1500 amnem.

218 1530 335 1568 Hunc
350 1529 486 1567 circum
499 1529 704 1566 innumerae
717 1538 857 1580 genteS‚
873 1527 1074 1579 populique
1086 1528 1272 1574 volabant3

217 1597 295 1638 Ac,
316 1595 427 1633 veluti
446 1597 481 1632 in
502 1596 629 1646 pratis,
649 1596 712 1632 ubi
732 1609 817 1646 apes
831 1605 968 1632 aestate
989 1609 1111 1632 serena

218 1664 388 1702 Floribus
408 1663 569 1700 insidunt
589 1663 707 1707 variis,
727 1670 764 1699 et
785 1662 938 1699 candida
957 1662 1094 1700 circum

216 1731 316 1769 Lilia
335 1730 551 1774 funduntur,
572 1729 701 1780 strepit
721 1729 837 1766 omnis
856 1743 1039 1765 murmure
1058 1742 1219 1780 campus.

217 1797 417 1836 Horrescit
436 1797 513 1834 visu
533 1797 655 1834 subito
677 1809 893 1845 caussasque
912 1795 1064 1845 requirit

216 1865 358 1903 Inscius
378 1865 551 1909 Aeneas;
584 1877 676 1913 quae
696 1863 765 1900 sint
785 1876 826 1899 ea
846 1862 991 1899 flumina
1011 1876 1136 1912 porro,

215 1932 335 1981 Quive
355 1929 419 1967 viri
439 1939 543 1968 tanto
562 1929 779 1980 complerint
799 1929 942 1981 agmine
963 1929 1070 1979 ripas.
1189 1976 1195 1983 .

213 1997 315 2035 Tum
334 2007 440 2048 pater
459 1997 646 2034 Anchises
664 2013 673 2034 ε
706 1996 879 2039 Animae,
901 1996 1034 2046 quibus
1053 1994 1164 2032 altera
1190 1994 1266 2033 fatt-

213 2065 380 2116 Corpora
400 2064 593 2107 debentur,
615 2062 773 2101 Lethaei
793 2063 840 2100 ad
860 2061 1016 2099 fluminis
1035 2062 1170 2098 undam

216 2133 372 2169 Securos
390 2130 528 2175 latices,
555 2138 591 2167 et
611 2129 722 2180 longa
741 2128 886 2173 oblivia,
906 2138 1051 2179 potant.

214 2198 297 2236 Has
312 2198 480 2248 equidem
495 2210 693 2235 memorare
710 2195 790 2242 tibi,
803 2205 913 2247 atque
926 2196 1115 2234 ostendere
1131 2209 1267 2234 coram,

806 2318 832 2357 ’.ι
