1455 2685
224 310 259 334 v.
278 297 367 334 326.
569 294 870 333 AENEIDOS
923 295 974 331 V.
1220 295 1268 331 113

225 406 404 445 Transeat
423 405 563 455 elapsus
583 405 694 455 prior,
723 405 976 456 ambiguumve
997 404 1184 454 relinquat.

222 473 376 522 Jamque
394 471 468 509 fere
487 472 603 521 spatio
621 480 796 514 extremo,
817 471 986 521 fessique,
1008 463 1082 507 sub*
1099 471 1212 519 ipsam

225 539 350 576 Finem
369 538 610 575 adventabant
630 553 640 583 ;
669 537 737 574 levi
757 551 841 574 curn
857 537 1028 586 sanguine
1049 536 1160 574 Nisus

223 604 386 642 Labitur
403 603 542 648 infelix,
571 604 681 642 caesis
702 613 741 640 ut
757 603 852 640 forte
866 603 1028 655 juvencis

222 660 341 707 Fusus
360 671 509 707 humum
529 670 721 721 viridisque
735 684 843 720 super
857 669 1095 708 madefecerat
1122 669 1262 705 herbas.

221 735 301 774 Hic
315 737 469 787 juvenis,
484 739 558 788 jam
578 737 696 774 victor
713 750 834 781 ovans,
851 735 1001 787 vestigia
1022 749 1146 786 presso

219 802 338 840 Haud
357 803 474 840 tenuit
493 803 653 840 titubata
672 803 748 840 solo
767 819 777 849 ;
807 803 869 841 sed
888 816 1022 853 pronus
1041 803 1075 839 in
1096 802 1176 852 ipso

218 870 391 908 Concidit
411 871 668 921 immundoque
687 870 786 915 fimo,
807 883 981 920 sacroque
1001 883 1142 906 cruore.

217 936 306 975 Non
325 947 445 974 tamen
467 937 633 988 Euryali,
654 951 723 974 non
744 937 801 974 ille
821 937 957 974 oblitus
976 949 1138 973 amorum
1158 951 1170 974 ε

217 1002 315 1042 Nam
334 1017 408 1041 sese
427 1004 603 1054 opposuit
624 1004 734 1048 ὃειΙὶο,
755 1018 819 1054 per
837 1003 975 1042 lubrica
994 1016 1140 1054 surgens
1158 1017 1170 1048 ς

218 1068 286 1106 Ille
306 1080 424 1107 autem
444 1071 556 1120 spissa
571 1071 685 1123 jacuit
705 1071 889 1108 revolutus
909 1084 1024 1107 arena.

218 1135 365 1174 Emicat
386 1137 583 1187 Euryalus,
613 1146 664 1181 et,
685 1151 830 1175 munere
850 1137 968 1174 victor
987 1137 1104 1181 amici,

216 1201 337 1239 Prima
369 1212 480 1247 tenet,
511 1203 712 1254 plausuque
732 1204 826 1241 volat
847 1203 1068 1253 fremituque
1088 1204 1258 1240 secundo.

215 1267 305 1306 Post
320 1269 504 1320 Helymus
516 1270 627 1314 subit,
647 1278 698 1314 et,
716 1284 810 1307 nunc
831 1270 939 1307 tertia
958 1269 1091 1319 palma,
1109 1270 1255 1307 Diores.

158 1360 165 1366 -
214 1334 294 1372 Hic
314 1344 437 1372 totum
456 1350 585 1373 caveae
604 1350 810 1374 consessum
830 1337 1002 1387 ingentis,
1021 1346 1057 1373 et
1078 1350 1141 1373 ora

213 1401 334 1440 Prima
354 1411 513 1452 patrum,
533 1403 674 1453 magnis
696 1403 811 1441 Salius
831 1403 1047 1440 clamoribus
1074 1404 1214 1454 implet,

213 1467 468 1518 Ereptumque
488 1467 572 1505 dolo
593 1468 693 1506 reddi
714 1469 780 1506 sibi
800 1470 918 1519 poscit
938 1469 1124 1507 honorem.

212 1534 380 1571 Tutatur
398 1533 500 1571 favor
521 1534 737 1584 Euryalum,
757 1534 994 1586 lacrimaeque
1014 1537 1179 1582 decorae,

212 1600 367 1640 Gratior
385 1610 422 1638 et
443 1601 596 1651 pulchro
617 1601 759 1639 veniens
779 1602 821 1638 in·
836 1616 988 1652 corpore
1009 1602 1133 1641 virtus,

209 1667 377 1719 Adjuvat
396 1677 432 1705 et
452 1681 583 1719 magna
602 1667 802 1718 proclamat
826 1682 914 1705 voce
936 1669 1085 1713 Diores,

210 1734 286 1783 Qui
306 1734 415 1771 subiit
436 1734 601 1785 pahnae5
631 1734 837 1785 frustraque
858 1735 902 1772 ad
924 1736 1078 1785 praemia
1098 1736 1194 1773 venit

209 1800 367 1845 Ultima,
387 1801 415 1837 si
434 1800 540 1851 primi
562 1800 660 1839 Salio
680 1802 881 1838 redduntur
900 1802 1067 1838 honores.

207 1869 310 1907 Tum
330 1877 432 1919 pater
453 1869 613 1913 Aeneas,
635 1870 781 1913 Vestra,
800 1869 930 1919 inquit,
950 1883 1096 1906 munera
1115 1870 1216 1908 vobis

207 1937 319 1975 Certa
335 1944 492 1980 manent,
506 1937 628 1986 pueri3
641 1945 678 1973 et
694 1936 845 1986 palmam
860 1946 979 1974 movet
995 1937 1120 1974 ordine
1133 1951 1251 1976 nemo:

207 2002 276 2040 Me
296 2002 402 2040 liceat
422 2016 525 2040 casus
546 2002 702 2040 miserari
722 2004 872 2040 insontis
890 2004 1008 2040 amici.

207 2068 270 2106 sic
290 2069 400 2114 fatus,
420 2079 565 2120 tergum
586 2069 737 2107 Gaetuli
759 2070 909 2107 immane
929 2069 1042 2107 leonis

206 2134 288 2173 Dat
309 2135 421 2180 Salio,
450 2135 540 2172 villis
558 2150 764 2181 onerosum,
788 2146 899 2187 atque
920 2136 1104 2188 unguibus
1123 2136 1248 2173 aurcis.

207 2199 287 2243 Hic
306 2201 431 2250 Nisus,
461 2203 502 2242 Si
520 2211 634 2253 tanta,
661 2203 794 2257 inquit,
814 2213 897 2243 sunt
916 2203 1073 2256 praemia
1094 2203 1211 2251 victis,
