1455 2685
210 326 290 363 >²206
505 319 807 360 AENEIDOS
863 320 940 359 XI.
1118 335 1152 360 v.
1170 323 1261 362 551.

208 434 392 479 versanti,
412 433 535 472 subito
555 433 614 471 vix
636 433 727 470 haec
748 431 927 469 sententia
946 431 1039 469 sedit
1058 447 1067 469 :

208 501 344 539 Telum
361 501 528 544 immane,
549 513 656 537 manu
678 499 797 536 valida
815 498 916 548 quod
935 497 1032 535 forte
1053 498 1205 550 gerebat

209 567 384 612 Bellator,
412 566 566 604 solidum
587 566 704 608 nodis,
724 574 762 602 et
782 565 913 602 robore
934 575 1100 602 cocto—

208 633 314 672 Huic
333 643 467 677 natam,
486 633 578 670 libro
597 641 634 670 et
655 631 806 669 silvestri
827 631 954 668 subere
979 630 1152 675 clausam,

208 700 394 750 Implicat‚
410 709 520 750 atque
531 698 689 737 habilem
706 698 842 736 mediae
857 697 1088 748 circumligat
1103 697 1228 735 hastae
1246 713 1259 743 ;

207 769 330 818 Quam
349 767 476 804 dextra
496 765 637 817 ingenti
657 764 806 809 librans,
826 764 878 802 ita
897 764 941 801 ad
963 765 1109 802 aethera
1130 763 1230 801 fatur
1247 779 1257 803 :

206 834 337 879 Alma,
355 832 423 871 tibi
442 833 550 877 hanc,
571 845 759 869 nemorum
778 831 928 875 cultrix,
957 831 1120 870 Latonia
1141 832 1259 882 virgo,

207 902 295 951 Ipse
313 909 415 951 pater
433 898 605 936 famulam
626 911 738 934 voveo
757 913 767 943 ;
788 906 852 935 tua
872 897 1001 948 prima,
1021 912 1087 948 per
1106 911 1224 943 auras,

206 966 302 1005 Tela
318 976 457 1011 tenens,
473 964 627 1016 supplex
641 965 786 1002 hostem
805 963 917 1016 fugit.
947 965 1111 1014 Accipe,
1127 974 1259 1011 testor,

205 1034 318 1079 Diva,
338 1043 453 1078 tuam,
474 1047 567 1084 quae
588 1046 682 1070 nunc
703 1031 825 1070 dubiis
844 1031 1089 1070 committitur
1107 1032 1214 1070 auris.

258 1102 397 1148 Dixit3
425 1111 463 1139 et
483 1101 648 1138 adducto
668 1108 880 1137 contortum
900 1099 1030 1137 hastile
1051 1099 1191 1138 lacerto

207 1169 382 1207 Immittit
399 1184 408 1206 :
431 1182 582 1205 sonuere
602 1167 720 1205 undae
738 1182 747 1206 ε
770 1167 940 1217 rapidum
961 1180 1071 1217 super
1090 1180 1231 1205 amnem

206 1235 341 1274 Infelix
361 1235 460 1287 fugit
479 1235 514 1272 in
530 1234 652 1287 jaculo
673 1233 849 1271 stridente
868 1232 1034 1272 Camilla.

204 1303 266 1341 At
278 1302 468 1345 Metabus,
484 1315 616 1352 magna
632 1300 867 1352 propiusjam
883 1309 1062 1352 urguente
1079 1309 1238 1345 caterva,

204 1370 288 1408 Dat
309 1382 384 1406 sese
405 1368 527 1413 fluvio,
548 1377 660 1418 atque
679 1367 820 1405 hastam
839 1381 923 1404 cum
942 1367 1081 1418 virgine
1101 1367 1219 1405 victor

206 1436 420 1480 Gramineo,
440 1436 576 1472 donum
596 1434 759 1478 Triviae,
787 1434 832 1471 de
852 1433 989 1484 cespite
1009 1433 1122 1473 vellit.

204 1504 292 1542 Non
309 1503 411 1540 illum
431 1502 541 1540 tectis
561 1501 671 1546 ullae,
699 1514 769 1537 non
790 1501 992 1546 moenibus,
1013 1502 1122 1538 urbes

204 1571 412 1620 Accepere,
432 1583 548 1620 neque
567 1569 645 1618 ipse
665 1581 790 1605 manus
809 1567 954 1605 feritate
976 1567 1133 1605 dedisset
1151 1583 1161 1606 :

205 1636 399 1674 Pastorum
417 1644 455 1673 et
475 1635 559 1672 solis
577 1636 704 1687 exegit
725 1634 910 1672 montibus
929 1648 1068 1672 aevum.

205 1702 286 1740 Hic
305 1711 438 1747 natam,
456 1702 491 1738 in
513 1702 645 1746 dumis,
667 1702 834 1752 interque
849 1701 1034 1738 horrentia
1052 1700 1179 1746 lustra,

202 1768 430 1808 Armentalis
448 1782 562 1820 equae
582 1768 757 1812 mammis,
777 1777 815 1805 et
833 1767 928 1804 lacte
948 1767 1077 1812 ferino,

202 1838 394 1883 Nutribat,
414 1836 545 1875 teneris
564 1835 780 1886 immulgens
800 1835 911 1871 ubera
931 1833 1052 1872 labris.

203 1905 336 1954 thue
354 1904 488 1954 pedum
508 1903 633 1954 primis
651 1902 767 1940 infans
787 1895 940 1952 vestigizi
960 1900 1095 1950 plantis

203 1971 403 2015 Institerat‚
425 1970 550 2022 jaculo
571 1970 706 2020 palmas
726 1968 887 2006 oneravit
906 1977 1043 2013 acut0;

203 2036 424 2087 Spiculaque
443 2051 487 2074 ex
507 2036 659 2073 humero
679 2049 809 2086 parvae
830 2034 1034 2085 suspendit,
1055 2042 1093 2071 et
1112 2047 1253 2073 arcum.

204 2105 278 2142 Pro
297 2103 422 2141 crinali
442 2117 543 2147 auro,
563 2116 631 2154 pro
649 2102 780 2154 longae
801 2102 963 2154 tegmine
983 2100 1113 2152 pallae,

203 2170 369 2221 Tigridis
387 2170 534 2208 exuviae
554 2184 620 2220 per
639 2170 787 2207 dorsum
806 2183 826 2206 a
845 2169 980 2206 vertice
999 2169 1172 2218 pendent.

203 2240 298 2278 Tela
318 2253 423 2276 manu
440 2241 514 2290 jam
533 2247 613 2276 tum
632 2246 756 2276 tenera
774 2236 926 2288 puerilia
945 2237 1067 2284 torsit,
