1455 2685
152 340 186 364 v.
200 327 294 365 326.
506 325 808 364 AENEIDOS
865 328 916 364 X.
1130 332 1203 368 165

155 438 343 476 Dardania
363 446 497 475 stratus
517 438 660 481 dextra,
689 450 838 473 securus
854 451 1032 482 amorum,

156 505 232 554 Qui
247 507 419 557 juvenum
441 503 506 540 tibi
527 517 666 553 semper
677 512 792 546 erant,
813 503 1023 548 miserande,
1040 507 1200 556 jaceres;

157 571 207 609 Ni
228 570 378 608 fratrum
400 571 535 620 stipata
554 570 686 607 cohors
706 569 802 606 foret
821 570 941 614 obvia,
966 571 1099 608 Phorci

156 637 354 689 Progenies
371 652 380 675 :
412 646 552 687 septem
572 650 735 679 numero,
756 646 977 686 septenaque
998 636 1069 673 tela

155 705 366 756 Conjiciunt
384 719 394 741 ε
425 704 557 753 partim
577 703 680 754 galea
699 703 891 752 clipeoque
911 703 1089 740 resultant

156 771 267 807 Irrita
285 786 296 816 ;
325 770 475 807 deflexit
495 770 629 820 partim
649 769 866 821 stringentia
887 783 1020 819 corpus

153 837 270 876 Alma
288 838 427 875 Venus.
459 837 591 875 Fidum
613 837 760 874 Aeneas
780 836 914 873 affatur
935 837 1108 874 Achaten
1125 854 1134 876 :

157 905 324 956 Sug-gere
343 904 416 942 tela
436 904 550 949 mihi;
579 918 648 940 non
670 903 786 940 ullum
805 903 955 940 dextera
975 903 1109 941 frustra

155 971 323 1010 Torserit
335 972 370 1009 in
386 971 559 1016 Rutulos,
580 980 759 1008 steterunt
772 985 864 1020 quae
878 971 911 1007 in
929 985 1082 1022 corpore
1097 974 1206 1012 Grai-

157 1038 276 1076 Iliacis
288 1039 438 1089 campis.
470 1038 572 1076 Tum
588 1051 755 1089 magnam
776 1038 927 1088 corripit
942 1039 1096 1085 hastam,
1123 1042 1206 1091 [um

161 1106 215 1143 Et
231 1105 320 1157 jacit
339 1121 347 1143 :
371 1105 430 1142 illa
451 1105 572 1142 volans
591 1105 698 1154 clipei
718 1106 981 1142 transverberat
1001 1120 1083 1143 aera

156 1172 337 1217 BIaeonis,
357 1181 393 1209 et
414 1172 565 1210 thoraca
585 1172 688 1208 simul
708 1185 792 1209 curn
813 1182 964 1221 pectore
985 1174 1135 1223 rumpit.

156 1238 262 1276 Huic
282 1238 394 1276 frater
415 1239 512 1277 subit
533 1238 713 1283 Alcanor,
734 1238 955 1288 fratremque
975 1250 1140 1278 ruentem

155 1306 346 1343 Sustentat
366 1306 494 1343 dextra
511 1321 521 1343 ε
551 1307 704 1356 trajecto
724 1304 829 1341 missa
848 1304 986 1342 lacerto

155 1373 336 1410 Protenus
355 1373 459 1409 hasta
477 1372 589 1423 fugit,
606 1380 796 1420 servatque
816 1381 966 1409 cruenta
984 1381 1146 1412 tenorem
1167 1391 1178 1421 ;

155 1440 397 1489 Dexteraque
414 1453 458 1476 ex
474 1439 625 1476 humero
641 1437 757 1474 nervis
778 1438 994 1475 moribunda
1015 1442 1204 1490 pependit.

157 1505 260 1543 Tum
281 1506 471 1550 Numitor,
488 1504 612 1558 jaculo
633 1505 753 1541 fratris
774 1505 818 1541 de
834 1519 987 1555 corpore
1006 1516 1126 1556 rapto,

159 1573 315 1610 Aenean
338 1573 445 1622 petiit
463 1587 474 1618 3
504 1573 567 1609 sed
587 1586 656 1608 non
678 1583 715 1608 et
737 1571 847 1622 figere
868 1581 993 1609 contra

159 1640 231 1678 Est
250 1640 404 1684 licitum,
433 1639 628 1690 magnique
653 1638 771 1676 femur
787 1639 998 1688 perstrinxit
1015 1641 1202 1680 Achatae.

211 1706 291 1744 Hie
311 1706 485 1750 Curibus,
507 1707 618 1744 fidens
639 1706 820 1756 primaevo
841 1719 1008 1756 corpore,
1025 1707 1185 1746 Clausus

157 1773 339 1819 Advenit,
367 1781 404 1810 et
424 1773 541 1824 rigida
561 1774 759 1823 Dryopem
778 1772 861 1809 ferit
881 1772 1018 1809 eminus
1038 1773 1143 1812 hasta

158 1841 238 1880 Sub
258 1849 435 1885 mentum,
455 1840 615 1892 graviter
634 1854 774 1890 pressa3
795 1840 1003 1890 pariterque
1023 1841 1206 1892 loquentis

157 1908 299 1945 Vocem
320 1907 547 1958 animamque
566 1907 674 1957 rapit,
695 1909 848 1958 trajecto
867 1916 1021 1957 gutture
1039 1924 1048 1943 ε
1090 1918 1127 1946 at
1148 1910 1206 1948 ille

160 1974 298 2012 Fronte
319 1973 404 2011 ferit
419 1983 565 2018 terram,
585 1983 623 2010 et
639 1987 796 2011 crassum
813 1975 927 2010 vomit
947 1988 1008 2012 ore
1025 1989 1202 2014 cruorem.

158 2041 247 2078 Tris
266 2055 413 2092 quoque
433 2041 627 2079 Thre'i'cios
649 2040 786 2078 Boreae
805 2041 850 2078 de
870 2050 980 2092 gente
1001 2056 1178 2092 suprema,

159 2107 215 2145 Et
235 2107 313 2152 tris,
333 2121 425 2158 quos
447 2108 532 2145 Idas
552 2116 668 2158 pater,
689 2118 725 2145 et
746 2108 863 2158 patria
886 2109 1020 2145 lamara
1040 2110 1167 2156 mittit,

160 2173 232 2211 Per
251 2173 364 2211 varios
384 2175 512 2212 sternit
531 2188 646 2212 casus.
705 2175 885 2212 Accurrit
907 2175 1081 2220 Halesus,

160 2240 437 2292 Auruncaeque
456 2255 606 2289 manus;
635 2242 733 2281 subit
751 2250 791 2280 et
811 2242 998 2293 Neptunia
1018 2242 1150 2293 proles,
