1455 2685
290 342 364 383 178
577 339 879 378 AENEIDOS
937 338 990 377 X.
1194 354 1228 379 v.
1245 343 1336 380 690.

291 453 464 492 Succedit
482 467 641 504 pugnae,
661 453 903 502 Teucrosque
918 451 1057 490 invadit
1077 452 1232 490 ovantis.

289 519 524 558 Concurrunt
545 519 761 570 Tyrrhenae
781 519 888 563 acies,
908 531 1018 570 atque
1037 519 1205 557 omnibus
1224 519 1301 564 uni,

291 586 368 625 Uni
387 586 553 637 odiisque
573 586 664 630 viro,
684 586 838 636 telisque
851 584 1118 638 frequentibus,
1136 586 1286 624 instant.

290 651 372 697 Ille,
392 652 490 690 velut
509 666 630 703 rupes,
650 662 791 690 vastum
811 667 904 703 quae
924 653 1048 703 prodit
1068 652 1104 689 in
1125 666 1276 703 aequor,

291 719 413 756 Obvia
432 728 621 756 ventorum
641 719 757 764 furiis,
776 729 1006 770 expostaque
1027 728 1158 770 ponto,

289 785 377 823 Vim
389 796 560 823 cunctam
572 796 683 836 atque
697 786 808 824 minas
822 786 960 837 perfert
971 786 1137 836 coelique
1148 786 1341 837 marisque,

291 853 378 903 Ipsa
390 853 540 890 immota
554 866 710 889 manens.
743 852 889 890 Prolem
902 853 1158 897 Dolichaonis,
1168 853 1342 891 Hebrum

288 919 427 959 Sternit
446 919 561 963 humi',
576 932 660 956 cum
671 933 745 969 quo
766 919 970 971 Latagum,
982 920 1222 971 Palmumque
1235 920 1341 974 fuga.

501 1000 579 1024 cem
599 1001 608 1024 τ

288 1054 363 1092 Sed
382 1053 573 1104 Latagum
595 1067 695 1098 saxo,
711 1062 822 1103 atque
836 1053 978 1104 ingenti
998 1052 1174 1104 fragmine
1193 1054 1341 1100 montis,

287 1119 462 1170 Occupat
480 1134 535 1164 os,
556 1119 759 1170 faciemque
779 1120 962 1156 adversam
979 1134 989 1164 ;
1010 1119 1152 1171 poplite
1173 1120 1340 1158 Palmum

287 1187 440 1225 Succiso
459 1186 554 1223 volvi
575 1201 722 1239 segnem
743 1187 841 1231 sinit,
857 1200 1029 1236 armaque
1051 1186 1178 1223 Lauso

284 1254 417 1292 Donat
436 1254 570 1291 habere
590 1253 762 1298 humeris,
784 1262 822 1291 et
841 1253 975 1291 vertice
996 1253 1108 1304 figere
1127 1253 1266 1291 cristas.

284 1320 366 1359 Nec
382 1336 454 1359 non
473 1321 672 1359 Euanthen
695 1321 915 1372 Phrygium,
930 1321 1144 1371 Paridisque
1157 1321 1340 1360 Mimanta

283 1389 508 1439 Aequalem,
528 1388 775 1438 comitemque
792 1404 803 1435 ;
833 1401 904 1424 una
922 1402 1031 1438 quem
1052 1398 1161 1426 nocte
1180 1389 1339 1427 Theano

284 1456 329 1493 In
348 1456 468 1493 lucem
489 1456 647 1507 genitori
664 1457 816 1506 Amyco
832 1455 947 1499 dedit,
963 1463 1014 1500 et,
1027 1454 1106 1492 face
1121 1469 1338 1508 praegnans,

281 1523 417 1561 Cisseis
436 1523 561 1574 regina
578 1522 684 1560 Parin
704 1538 712 1561 :
744 1521 847 1560 Paris
863 1522 953 1559 urbe
973 1530 1124 1571 paterna

283 1590 457 1628 Occubat
477 1605 487 1635 3
516 1590 682 1641 ignarum
703 1588 871 1626 Laurens
890 1587 1002 1625 habet
1022 1601 1085 1625 ora
1104 1587 1299 1627 Mimanta.

334 1656 414 1701 Ac,
435 1655 534 1694 velut
553 1656 612 1693 ille
632 1669 764 1693 canum
784 1668 907 1692 morsu
928 1655 973 1692 de
993 1655 1179 1692 montibus
1202 1655 1285 1693 altis

281 1722 408 1760 Actus
428 1736 529 1772 aper,
550 1721 686 1760 multos
706 1721 867 1759 Vesulus
887 1735 994 1771 quem
1011 1721 1145 1772 pinifer
1162 1735 1274 1759 annos

282 1788 479 1833 Defendit,
500 1788 708 1839 multosque
728 1788 831 1839 palus
851 1788 1063 1832 Laurentia,
1092 1789 1179 1826 silva

281 1855 415 1893 Pastus
434 1855 642 1900 arundinea,
663 1864 860 1906 postquam
879 1855 974 1892 inter
994 1855 1083 1892 retia
1102 1864 1248 1893 ventum
1267 1866 1336 1901 est,

282 1921 475 1966 Substitit,
493 1920 753 1971 infremuitque
773 1920 892 1964 ferox,
906 1931 943 1958 et
963 1921 1143 1959 inhorruit
1163 1936 1280 1960 armos
1297 1938 1307 1968 ;

280 1988 361 2027 Nec
382 1988 553 2038 cuiquam
572 1988 692 2032 irasci,
713 1987 908 2038 propiusve
928 1989 1112 2033 accedere,
1137 1990 1253 2028 virtus
1271 2005 1282 2036 ;

280 2055 354 2093 Sed
367 2055 498 2107 jaculis
518 2055 682 2105 tutisque
702 2055 832 2106 procul
853 2054 1072 2093 clamoribus
1091 2056 1226 2093 instant
1246 2071 1256 2094 ι

278 2121 347 2160 Ille
366 2132 489 2160 autem
509 2122 712 2172 impavidus
732 2131 854 2172 partes
875 2132 1076 2160 cunctatur
1094 2124 1129 2160 in
1150 2124 1281 2165 omnis.

277 2188 466 2227 Dentibus
485 2188 706 2234 infrendens,
737 2198 774 2226 et
794 2199 903 2240 tergo
923 2190 1067 2227 decutit
1088 2190 1225 2228 hastas.

277 2255 393 2294 Haud
408 2255 525 2302 aliter,
540 2258 661 2308 justae
680 2256 815 2308 quibus
835 2265 892 2296 est
915 2256 1130 2296 Mezentius
1150 2259 1235 2301 irae,
