1455 2685
224 307 299 343 144·
523 306 825 347 AENEIDOS
883 309 958 346 IX.
1121 324 1158 348 va
1173 312 1265 352 576,

218 417 429 456 Privernum
445 420 581 469 Capys,
604 421 720 458 Hunc
737 421 853 470 primo
866 420 952 459 levis
967 421 1070 457 hasta
1085 421 1264 460 Temillae'

217 485 420 523 Strinxerat
439 501 448 524 ε
479 486 537 523 ille
558 501 699 523 manum
720 489 886 538 projecto
905 487 1065 538 tegmine
1089 489 1234 525 demens

214 552 285 589 Ad
303 552 428 589 volnus
448 553 533 589 tulit
551 568 560 590 ε
591 567 680 604 ergo
699 553 763 590 alis
778 553 911 604 allapsa
928 554 1075 605 sagitta,

214 618 269 656 Et
288 618 389 655 laevo
409 618 516 655 affixa
535 629 589 656 est
607 619 708 656 lateri
729 634 879 666 manus3
908 620 1104 670 abditaque
1123 621 1219 658 intus

214 684 443 734 Spiramenta
463 686 599 722 animae
618 686 714 723 letali
734 686 876 724 volnere
895 687 1046 737 rumpit.

266 751 397 788 Stabat
416 752 451 787 in
471 752 627 803 egregiis
646 753 825 790 ‘Arcentis
845 753 939 790 filius
959 753 1079 797 armis,

211 816 339 854 Pictus
358 831 425 854 acu
445 817 686 867 chlamydem,
705 827 742 855 et
761 818 945 870 ferrugine
961 821 1075 857 clarus
1098 820 1255 864 Hibera,

211 883 367 934 Insignis
387 883 478 921 facie
495 900 506 929 3
535 885 680 935 genitor
699 899 806 934 quem
825 886 968 924 miserat
989 889 1147 933 Arcens,

208 949 400 987 Eductum
421 950 552 988 Matris
573 951 669 996 luco,
692 952 903 1002 Symaethia
922 953 1058 990 circum

208 1016 373 1054 Flumina
391 1033 400 1055 :
431 1018 577 1068 pinguis
597 1018 658 1054 ubi
678 1028 716 1055 et
736 1018 921 1068 placabilis
937 1034 996 1056 ara
1017 1020 1142 1059 Palici.

208 1085 431 1121 Stridentem
451 1085 613 1128 fundam,
642 1085 769 1134 positis
789 1085 999 1123 Mezentius
1018 1086 1143 1131 hastis,

207 1152 293 1200 Ipse
314 1162 369 1187 ter
387 1151 544 1188 adducta
565 1151 701 1187 circum
721 1160 833 1201 caput
853 1152 930 1203 egit
950 1153 1089 1189 habena
1106 1169 1117 1197 ;

205 1218 259 1255 Et
280 1218 396 1254 media
416 1218 553 1254 adversi
571 1217 771 1268 liquefacto
791 1227 955 1268 tempora
973 1219 1125 1269 plumbo

205 1284 368 1328 Diffidit‚
397 1298 438 1321 ac
459 1284 572 1320 multa
591 1295 800 1334 porrectum
819 1286 984 1322 extendit
1003 1299 1122 1322 arena.

256 1350 357 1387 Tum
377 1350 531 1400 primum
550 1350 645 1387 bello
666 1351 818 1389 celerem
835 1351 1029 1388 intendisse
1050 1351 1220 1402 sagittam

201 1417 367 1462 Dicitur,
395 1427 477 1454 ante
497 1417 590 1454 feras
606 1417 733 1454 solitus
753 1427 887 1455 terrere
907 1418 1070 1469 fugace8‚

200 1484 397 1528 Ascanius,
427 1483 632 1534 fortemque
648 1498 755 1520 manu
775 1484 909 1521 fudisse
929 1486 1165 1531 Numanum3

197 1551 268 1590 Cui
292 1551 449 1589 Remulo
469 1565 671 1602 cognomen
691 1560 768 1587 erat
787 1566 797 1596 ;
827 1551 1021 1602 Turnique
1042 1553 1221 1592 minorem·

201 1617 438 1661 Germanam,
465 1631 581 1667 nuper
599 1617 758 1654 thalamo
779 1617 951 1661 sociatus,
980 1619 1152 1657 habebat.

200 1686 237 1722 Is
255 1685 407 1734 primam
426 1694 509 1721 ante
528 1684 641 1721 aciem
661 1685 772 1735 digna
791 1694 901 1735 atque
920 1686 1068 1737 indigna
1088 1687 1202 1726 relatu

196 1750 426 1795 vociferans,
455 1750 689 1800 tumidusque
709 1765 802 1787 novo
823 1753 1032 1801 praecordia
1060 1767 1187 1805 regno,

197 1818 296 1861 Ibat,
324 1827 360 1854 et
379 1817 562 1868 ingentem
583 1831 657 1854 sese
677 1817 834 1855 clamore
854 1818 994 1856 ferebat
1012 1834 1022 1856 z

247 1885 332 1922 Non
354 1885 467 1934 pudet
486 1884 672 1921 obsidione
691 1884 822 1921 iterum
843 1884 1008 1935 valloque
1027 1887 1154 1930 teneri,

195 1951 258 1988 Bis
277 1951 375 2000 capti
397 1950 577 2002 Phryges,
604 1960 641 1987 et
663 1950 778 1988 lWarti
798 1952 1032 2001 praetendere
1052 1965 1172 1990 muros
1189 1955 1202 1992 ?

193 2017 267 2061 En,
296 2016 358 2066 qui
377 2028 498 2054 nostra
518 2017 585 2054 sibi
602 2017 701 2054 bello
721 2018 900 2055 connubia
920 2028 1076 2068 poscunt
1097 2022 1103 2057 !

192 2083 285 2132 Quis
305 2083 393 2120 dens
415 2082 572 2128 Italiam,
600 2097 693 2134 quae
713 2098 776 2121 vos
795 2072 973 2122 dementia
994 2085 1117 2136 adegit
1134 2087 1146 2124 ?

191 2151 276 2189 Non
296 2150 354 2187 hic
376 2150 549 2194 Atridae,
577 2164 642 2187 nec
662 2145 761 2187 fandi
782 2151 890 2188 fictor
910 2152 1055 2189 Ulixes.

190 2219 340 2256 Durum
359 2217 403 2255 ab
424 2217 535 2268 stirpe
555 2231 684 2269 gemm,
713 2227 818 2255 natos
845 2218 890 2266 ad
911 2219 1057 2257 flumina
1077 2220 1233 2269 primum
