<?xml version="1.0" encoding="UTF-8"?>
<!DOCTYPE html PUBLIC "-//W3C//DTD XHTML 1.0 Transitional//EN"
    "http://www.w3.org/TR/xhtml1/DTD/xhtml1-transitional.dtd">
<html xmlns="http://www.w3.org/1999/xhtml" xml:lang="en" lang="en">
 <head>
  <title>
</title>
<meta http-equiv="Content-Type" content="text/html;charset=utf-8" />
  <meta name='ocr-system' content='tesseract 3.04.00' />
  <meta name='ocr-capabilities' content='ocr_page ocr_carea ocr_par ocr_line ocrx_word'/>
</head>
<body>
  <div class='ocr_page' id='page_1' title='image "./operahun02virguoft_0089.png"; bbox 0 0 1455 2685; ppageno 0'>
   <div class='ocr_carea' id='block_1_1' title="bbox 156 315 1201 360">
    <p class='ocr_par' dir='ltr' id='par_1_1' title="bbox 156 315 1201 360">
     <span class='ocr_line' id='line_1_1' title="bbox 156 315 1201 360; baseline 0.001 -2"><span class='ocrx_word' id='word_1_1' title='bbox 156 327 190 358; x_wconf 65' lang='lat' dir='ltr'>v.</span> <span class='ocrx_word' id='word_1_2' title='bbox 208 324 298 360; x_wconf 70' lang='lat'><strong>409.</strong></span> <span class='ocrx_word' id='word_1_3' title='bbox 467 315 773 359; x_wconf 86' lang='lat' dir='ltr'>AENEIDOS</span> <span class='ocrx_word' id='word_1_4' title='bbox 831 316 931 358; x_wconf 90' lang='lat' dir='ltr'><strong>VII.</strong></span> <span class='ocrx_word' id='word_1_5' title='bbox 1154 321 1201 359; x_wconf 77' lang='lat'>81</span> 
     </span>
    </p>
   </div>
   <div class='ocr_carea' id='block_1_2' title="bbox 138 431 1196 2344">
    <p class='ocr_par' dir='ltr' id='par_1_2' title="bbox 138 431 1196 2344">
     <span class='ocr_line' id='line_1_2' title="bbox 142 431 1146 482; baseline -0.002 -11"><span class='ocrx_word' id='word_1_6' title='bbox 142 433 313 471; x_wconf 85' lang='lat' dir='ltr'>Audacis</span> <span class='ocrx_word' id='word_1_7' title='bbox 337 431 469 470; x_wconf 75' lang='lat' dir='ltr'>Rutuli</span> <span class='ocrx_word' id='word_1_8' title='bbox 488 433 534 469; x_wconf 91' lang='lat' dir='ltr'>ad</span> <span class='ocrx_word' id='word_1_9' title='bbox 554 445 676 469; x_wconf 87' lang='lat' dir='ltr'>muros</span> <span class='ocrx_word' id='word_1_10' title='bbox 693 446 703 469; x_wconf 89' lang='lat'>:</span> <span class='ocrx_word' id='word_1_11' title='bbox 732 444 840 482; x_wconf 87' lang='lat' dir='ltr'>quam</span> <span class='ocrx_word' id='word_1_12' title='bbox 861 431 999 468; x_wconf 86' lang='lat' dir='ltr'>dicitur</span> <span class='ocrx_word' id='word_1_13' title='bbox 1017 431 1146 469; x_wconf 71' lang='lat' dir='ltr'>urbem‘</span> 
     </span>
     <span class='ocr_line' id='line_1_3' title="bbox 141 496 1161 542; baseline -0.005 -4"><span class='ocrx_word' id='word_1_14' title='bbox 141 499 369 538; x_wconf 80' lang='lat' dir='ltr'>Acrisioneis</span> <span class='ocrx_word' id='word_1_15' title='bbox 390 500 522 537; x_wconf 67' lang='lat' dir='ltr'>Danae</span> <span class='ocrx_word' id='word_1_16' title='bbox 542 499 710 536; x_wconf 82' lang='lat' dir='ltr'>fundasse</span> <span class='ocrx_word' id='word_1_17' title='bbox 729 497 883 542; x_wconf 86' lang='lat' dir='ltr'>colonis,</span> <span class='ocrx_word' id='word_1_18' title='bbox 1158 496 1161 499; x_wconf 73' lang='grc'><strong>’</strong></span> 
     </span>
     <span class='ocr_line' id='line_1_4' title="bbox 142 565 1116 617; baseline -0.004 -12"><span class='ocrx_word' id='word_1_19' title='bbox 142 566 341 617; x_wconf 86' lang='lat' dir='ltr'>Praecipiti</span> <span class='ocrx_word' id='word_1_20' title='bbox 359 566 478 604; x_wconf 80' lang='lat' dir='ltr'>delata</span> <span class='ocrx_word' id='word_1_21' title='bbox 499 576 601 603; x_wconf 89' lang='lat' dir='ltr'>noto.</span> <span class='ocrx_word' id='word_1_22' title='bbox 633 565 760 603; x_wconf 92' lang='lat' dir='ltr'>Locus</span> <span class='ocrx_word' id='word_1_23' title='bbox 781 565 912 602; x_wconf 82' lang='lat' dir='ltr'>Ardea</span> <span class='ocrx_word' id='word_1_24' title='bbox 931 565 1116 615; x_wconf 86' lang='lat' dir='ltr'>quondam</span> 
     </span>
     <span class='ocr_line' id='line_1_5' title="bbox 141 631 1196 683; baseline -0.004 -12"><span class='ocrx_word' id='word_1_25' title='bbox 141 634 280 671; x_wconf 87' lang='lat' dir='ltr'>Dictus</span> <span class='ocrx_word' id='word_1_26' title='bbox 299 633 371 670; x_wconf 87' lang='lat' dir='ltr'>avis</span> <span class='ocrx_word' id='word_1_27' title='bbox 386 648 396 671; x_wconf 72' lang='grc' dir='ltr'>ε</span> <span class='ocrx_word' id='word_1_28' title='bbox 418 641 455 670; x_wconf 90' lang='lat' dir='ltr'>et</span> <span class='ocrx_word' id='word_1_29' title='bbox 471 646 565 669; x_wconf 91' lang='lat' dir='ltr'>nunc</span> <span class='ocrx_word' id='word_1_30' title='bbox 581 645 754 683; x_wconf 78' lang='lat' dir='ltr'>magnum</span> <span class='ocrx_word' id='word_1_31' title='bbox 769 640 888 669; x_wconf 85' lang='lat' dir='ltr'>manet</span> <span class='ocrx_word' id='word_1_32' title='bbox 904 631 1036 669; x_wconf 85' lang='lat' dir='ltr'>Ardea</span> <span class='ocrx_word' id='word_1_33' title='bbox 1050 644 1196 677; x_wconf 77' lang='lat' dir='ltr'>nornen3</span> 
     </span>
     <span class='ocr_line' id='line_1_6' title="bbox 142 698 1057 738; baseline -0.003 0"><span class='ocrx_word' id='word_1_34' title='bbox 142 701 216 738; x_wconf 88' lang='lat' dir='ltr'>Sed</span> <span class='ocrx_word' id='word_1_35' title='bbox 235 699 381 738; x_wconf 87' lang='lat' dir='ltr'>fortuna</span> <span class='ocrx_word' id='word_1_36' title='bbox 400 699 484 736; x_wconf 82' lang='lat' dir='ltr'>fuit.</span> <span class='ocrx_word' id='word_1_37' title='bbox 514 698 646 736; x_wconf 82' lang='lat' dir='ltr'>Tectis</span> <span class='ocrx_word' id='word_1_38' title='bbox 666 698 724 735; x_wconf 90' lang='lat' dir='ltr'>hic</span> <span class='ocrx_word' id='word_1_39' title='bbox 745 698 899 735; x_wconf 86' lang='lat' dir='ltr'>Turnus</span> <span class='ocrx_word' id='word_1_40' title='bbox 919 699 954 735; x_wconf 89' lang='lat' dir='ltr'>in</span> <span class='ocrx_word' id='word_1_41' title='bbox 975 698 1057 735; x_wconf 84' lang='lat' dir='ltr'>altis</span> 
     </span>
     <span class='ocr_line' id='line_1_7' title="bbox 138 765 1032 817; baseline -0.001 -13"><span class='ocrx_word' id='word_1_42' title='bbox 138 767 220 804; x_wconf 87' lang='lat' dir='ltr'>Jam</span> <span class='ocrx_word' id='word_1_43' title='bbox 240 767 394 804; x_wconf 86' lang='lat' dir='ltr'>mediam</span> <span class='ocrx_word' id='word_1_44' title='bbox 415 767 518 817; x_wconf 85' lang='lat' dir='ltr'>nigra</span> <span class='ocrx_word' id='word_1_45' title='bbox 539 766 713 815; x_wconf 81' lang='lat' dir='ltr'>carpebat</span> <span class='ocrx_word' id='word_1_46' title='bbox 733 775 840 803; x_wconf 91' lang='lat' dir='ltr'>nocte</span> <span class='ocrx_word' id='word_1_47' title='bbox 860 765 1032 816; x_wconf 84' lang='lat' dir='ltr'>quietem.</span> 
     </span>
     <span class='ocr_line' id='line_1_8' title="bbox 140 832 1028 876; baseline -0.002 -5"><span class='ocrx_word' id='word_1_48' title='bbox 140 833 294 871; x_wconf 86' lang='lat' dir='ltr'><strong>Allecto</strong></span> <span class='ocrx_word' id='word_1_49' title='bbox 315 842 456 871; x_wconf 79' lang='lat' dir='ltr'>torvam</span> <span class='ocrx_word' id='word_1_50' title='bbox 476 832 620 876; x_wconf 80' lang='lat' dir='ltr'>faciem‚=</span> <span class='ocrx_word' id='word_1_51' title='bbox 639 841 676 869; x_wconf 81' lang='lat' dir='ltr'>et</span> <span class='ocrx_word' id='word_1_52' title='bbox 698 832 836 868; x_wconf 84' lang='lat' dir='ltr'>furialia</span> <span class='ocrx_word' id='word_1_53' title='bbox 855 833 1028 876; x_wconf 77' lang='lat' dir='ltr'>membra,</span> 
     </span>
     <span class='ocr_line' id='line_1_9' title="bbox 141 898 978 943; baseline -0.001 -6"><span class='ocrx_word' id='word_1_54' title='bbox 141 900 259 938; x_wconf 88' lang='lat' dir='ltr'>Exuit</span> <span class='ocrx_word' id='word_1_55' title='bbox 276 915 286 938; x_wconf 91' lang='lat'><strong>:</strong></span> <span class='ocrx_word' id='word_1_56' title='bbox 317 901 353 937; x_wconf 89' lang='lat' dir='ltr'>in</span> <span class='ocrx_word' id='word_1_57' title='bbox 373 899 493 937; x_wconf 84' lang='lat' dir='ltr'>voltus</span> <span class='ocrx_word' id='word_1_58' title='bbox 513 913 589 936; x_wconf 86' lang='lat' dir='ltr'>sese</span> <span class='ocrx_word' id='word_1_59' title='bbox 609 898 842 935; x_wconf 84' lang='lat' dir='ltr'>transformat</span> <span class='ocrx_word' id='word_1_60' title='bbox 863 899 978 943; x_wconf 75' lang='lat' dir='ltr'>anilis,</span> 
     </span>
     <span class='ocr_line' id='line_1_10' title="bbox 140 965 1099 1017; baseline -0.001 -13"><span class='ocrx_word' id='word_1_61' title='bbox 140 967 195 1004; x_wconf 86' lang='lat' dir='ltr'>Et</span> <span class='ocrx_word' id='word_1_62' title='bbox 214 967 373 1004; x_wconf 81' lang='lat' dir='ltr'>frontem</span> <span class='ocrx_word' id='word_1_63' title='bbox 392 968 586 1004; x_wconf 83' lang='lat' dir='ltr'>obscenam</span> <span class='ocrx_word' id='word_1_64' title='bbox 607 967 708 1017; x_wconf 79' lang='lat' dir='ltr'>rugis</span> <span class='ocrx_word' id='word_1_65' title='bbox 728 975 805 1002; x_wconf 83' lang='lat' dir='ltr'>arat</span> <span class='ocrx_word' id='word_1_66' title='bbox 824 981 834 1009; x_wconf 89' lang='lat'>;</span> <span class='ocrx_word' id='word_1_67' title='bbox 864 966 983 1002; x_wconf 86' lang='lat' dir='ltr'>induit</span> <span class='ocrx_word' id='word_1_68' title='bbox 998 965 1099 1003; x_wconf 79' lang='lat' dir='ltr'>albos</span> 
     </span>
     <span class='ocr_line' id='line_1_11' title="bbox 140 1033 1112 1079; baseline -0.001 -7"><span class='ocrx_word' id='word_1_69' title='bbox 140 1033 236 1072; x_wconf 88' lang='lat' dir='ltr'>Cum</span> <span class='ocrx_word' id='word_1_70' title='bbox 257 1035 346 1072; x_wconf 81' lang='lat' dir='ltr'>vitta</span> <span class='ocrx_word' id='word_1_71' title='bbox 365 1035 499 1079; x_wconf 78' lang='lat' dir='ltr'>crini&lt;33</span> <span class='ocrx_word' id='word_1_72' title='bbox 529 1043 608 1070; x_wconf 88' lang='lat' dir='ltr'>tum</span> <span class='ocrx_word' id='word_1_73' title='bbox 637 1047 774 1070; x_wconf 85' lang='lat' dir='ltr'>ramum</span> <span class='ocrx_word' id='word_1_74' title='bbox 795 1033 948 1070; x_wconf 84' lang='lat' dir='ltr'>innectit</span> <span class='ocrx_word' id='word_1_75' title='bbox 967 1033 1082 1071; x_wconf 87' lang='lat' dir='ltr'>olivae</span> <span class='ocrx_word' id='word_1_76' title='bbox 1100 1048 1112 1078; x_wconf 85' lang='lat'><strong>;</strong></span> 
     </span>
     <span class='ocr_line' id='line_1_12' title="bbox 139 1099 1099 1151; baseline 0 -14"><span class='ocrx_word' id='word_1_77' title='bbox 139 1100 202 1138; x_wconf 87' lang='lat' dir='ltr'>Fit</span> <span class='ocrx_word' id='word_1_78' title='bbox 222 1101 378 1151; x_wconf 69' lang='lat' dir='ltr'>Calybe,</span> <span class='ocrx_word' id='word_1_79' title='bbox 396 1101 549 1139; x_wconf 80' lang='lat' dir='ltr'>Junonis</span> <span class='ocrx_word' id='word_1_80' title='bbox 568 1114 656 1137; x_wconf 84' lang='lat' dir='ltr'>anus</span> <span class='ocrx_word' id='word_1_81' title='bbox 684 1099 883 1150; x_wconf 82' lang='lat' dir='ltr'>templique</span> <span class='ocrx_word' id='word_1_82' title='bbox 905 1100 1070 1137; x_wconf 83' lang='lat' dir='ltr'>sacerdos</span> <span class='ocrx_word' id='word_1_83' title='bbox 1088 1115 1099 1144; x_wconf 90' lang='lat'>;</span> 
     </span>
     <span class='ocr_line' id='line_1_13' title="bbox 141 1166 1142 1219; baseline 0 -14"><span class='ocrx_word' id='word_1_84' title='bbox 141 1167 195 1205; x_wconf 83' lang='lat' dir='ltr'>Et</span> <span class='ocrx_word' id='word_1_85' title='bbox 210 1168 332 1219; x_wconf 86' lang='lat' dir='ltr'>juveni</span> <span class='ocrx_word' id='word_1_86' title='bbox 351 1177 433 1204; x_wconf 78' lang='lat' dir='ltr'>ante</span> <span class='ocrx_word' id='word_1_87' title='bbox 453 1166 579 1205; x_wconf 81' lang='lat' dir='ltr'>oculos</span> <span class='ocrx_word' id='word_1_88' title='bbox 600 1166 654 1202; x_wconf 84' lang='lat' dir='ltr'>his</span> <span class='ocrx_word' id='word_1_89' title='bbox 676 1180 711 1202; x_wconf 86' lang='lat' dir='ltr'>se</span> <span class='ocrx_word' id='word_1_90' title='bbox 731 1180 816 1203; x_wconf 89' lang='lat' dir='ltr'>cum</span> <span class='ocrx_word' id='word_1_91' title='bbox 835 1166 988 1203; x_wconf 82' lang='lat' dir='ltr'>vocibus</span> <span class='ocrx_word' id='word_1_92' title='bbox 1007 1166 1116 1204; x_wconf 82' lang='lat' dir='ltr'>offert</span> <span class='ocrx_word' id='word_1_93' title='bbox 1130 1182 1142 1206; x_wconf 68' lang='grc' dir='ltr'><strong>ε</strong></span> 
     </span>
     <span class='ocr_line' id='line_1_14' title="bbox 193 1233 1073 1283; baseline 0 -13"><span class='ocrx_word' id='word_1_94' title='bbox 193 1233 335 1277; x_wconf 87' lang='lat' dir='ltr'>Turne,</span> <span class='ocrx_word' id='word_1_95' title='bbox 364 1243 422 1271; x_wconf 89' lang='lat' dir='ltr'>tot</span> <span class='ocrx_word' id='word_1_96' title='bbox 441 1234 619 1271; x_wconf 80' lang='lat' dir='ltr'>incassum</span> <span class='ocrx_word' id='word_1_97' title='bbox 640 1233 740 1270; x_wconf 81' lang='lat' dir='ltr'>fusos</span> <span class='ocrx_word' id='word_1_98' title='bbox 760 1234 895 1283; x_wconf 73' lang='lat' dir='ltr'>patiere</span> <span class='ocrx_word' id='word_1_99' title='bbox 914 1233 1073 1277; x_wconf 53' lang='lat' dir='ltr'>labores,</span> 
     </span>
     <span class='ocr_line' id='line_1_15' title="bbox 140 1299 1063 1350; baseline 0 -13"><span class='ocrx_word' id='word_1_100' title='bbox 140 1299 194 1337; x_wconf 81' lang='lat' dir='ltr'>Et</span> <span class='ocrx_word' id='word_1_101' title='bbox 215 1309 280 1337; x_wconf 87' lang='lat' dir='ltr'>tua</span> <span class='ocrx_word' id='word_1_102' title='bbox 301 1300 498 1338; x_wconf 86' lang='lat' dir='ltr'>Dardaniis</span> <span class='ocrx_word' id='word_1_103' title='bbox 518 1300 709 1337; x_wconf 79' lang='lat' dir='ltr'>transcribi</span> <span class='ocrx_word' id='word_1_104' title='bbox 731 1308 874 1350; x_wconf 76' lang='lat' dir='ltr'>sceptra</span> <span class='ocrx_word' id='word_1_105' title='bbox 894 1299 1033 1336; x_wconf 87' lang='lat' dir='ltr'>colonis</span> <span class='ocrx_word' id='word_1_106' title='bbox 1050 1301 1063 1337; x_wconf 71' lang='grc' dir='ltr'><strong><em>ἓ</em></strong></span> 
     </span>
     <span class='ocr_line' id='line_1_16' title="bbox 143 1366 1157 1419; baseline -0.001 -15"><span class='ocrx_word' id='word_1_107' title='bbox 143 1366 225 1404; x_wconf 88' lang='lat' dir='ltr'>Rex</span> <span class='ocrx_word' id='word_1_108' title='bbox 247 1367 318 1404; x_wconf 80' lang='lat' dir='ltr'>tibi</span> <span class='ocrx_word' id='word_1_109' title='bbox 331 1367 556 1419; x_wconf 84' lang='lat' dir='ltr'>conjugium,</span> <span class='ocrx_word' id='word_1_110' title='bbox 584 1378 620 1404; x_wconf 90' lang='lat' dir='ltr'>et</span> <span class='ocrx_word' id='word_1_111' title='bbox 641 1368 822 1416; x_wconf 77' lang='lat' dir='ltr'>quaesitas</span> <span class='ocrx_word' id='word_1_112' title='bbox 844 1367 1016 1417; x_wconf 72' lang='lat' dir='ltr'>sanguine</span> <span class='ocrx_word' id='word_1_113' title='bbox 1037 1367 1157 1411; x_wconf 79' lang='lat' dir='ltr'>dotes,</span> 
     </span>
     <span class='ocr_line' id='line_1_17' title="bbox 140 1434 1187 1485; baseline -0.003 -13"><span class='ocrx_word' id='word_1_114' title='bbox 140 1434 322 1485; x_wconf 84' lang='lat' dir='ltr'>Abnegat</span> <span class='ocrx_word' id='word_1_115' title='bbox 340 1449 351 1479; x_wconf 68' lang='grc' dir='ltr'><strong><em>ς</em></strong></span> <span class='ocrx_word' id='word_1_116' title='bbox 371 1444 615 1484; x_wconf 84' lang='lat' dir='ltr'>externusque</span> <span class='ocrx_word' id='word_1_117' title='bbox 637 1434 671 1470; x_wconf 87' lang='lat' dir='ltr'>in</span> <span class='ocrx_word' id='word_1_118' title='bbox 691 1447 844 1484; x_wconf 80' lang='lat' dir='ltr'>regnum</span> <span class='ocrx_word' id='word_1_119' title='bbox 865 1435 1051 1483; x_wconf 77' lang='lat' dir='ltr'>quaeritur</span> <span class='ocrx_word' id='word_1_120' title='bbox 1071 1434 1187 1472; x_wconf 82' lang='lat' dir='ltr'>heres.</span> 
     </span>
     <span class='ocr_line' id='line_1_18' title="bbox 142 1500 995 1552; baseline 0 -14"><span class='ocrx_word' id='word_1_121' title='bbox 142 1501 162 1538; x_wconf 90' lang='lat' dir='ltr'>I</span> <span class='ocrx_word' id='word_1_122' title='bbox 183 1515 292 1544; x_wconf 87' lang='lat' dir='ltr'>nunc,</span> <span class='ocrx_word' id='word_1_123' title='bbox 322 1501 473 1552; x_wconf 83' lang='lat' dir='ltr'>ingratis</span> <span class='ocrx_word' id='word_1_124' title='bbox 493 1500 586 1538; x_wconf 72' lang='lat' dir='ltr'>offer</span> <span class='ocrx_word' id='word_1_125' title='bbox 606 1510 656 1544; x_wconf 85' lang='lat' dir='ltr'>te,</span> <span class='ocrx_word' id='word_1_126' title='bbox 686 1501 798 1545; x_wconf 66' lang='lat' dir='ltr'>irriso,</span> <span class='ocrx_word' id='word_1_127' title='bbox 827 1500 995 1551; x_wconf 82' lang='lat' dir='ltr'>periclis:</span> 
     </span>
     <span class='ocr_line' id='line_1_19' title="bbox 140 1567 1110 1618; baseline -0.002 -12"><span class='ocrx_word' id='word_1_128' title='bbox 140 1567 368 1618; x_wconf 82' lang='lat' dir='ltr'>Tyrrhenas,</span> <span class='ocrx_word' id='word_1_129' title='bbox 388 1568 412 1612; x_wconf 91' lang='lat' dir='ltr'>i,</span> <span class='ocrx_word' id='word_1_130' title='bbox 434 1577 553 1605; x_wconf 76' lang='lat' dir='ltr'>sterne</span> <span class='ocrx_word' id='word_1_131' title='bbox 573 1568 690 1612; x_wconf 81' lang='lat' dir='ltr'>acies3</span> <span class='ocrx_word' id='word_1_132' title='bbox 723 1576 807 1618; x_wconf 82' lang='lat' dir='ltr'>tege</span> <span class='ocrx_word' id='word_1_133' title='bbox 828 1581 917 1617; x_wconf 85' lang='lat' dir='ltr'>pace</span> <span class='ocrx_word' id='word_1_134' title='bbox 939 1567 1110 1604; x_wconf 80' lang='lat' dir='ltr'>Latinos.</span> 
     </span>
     <span class='ocr_line' id='line_1_20' title="bbox 141 1634 1133 1686; baseline 0 -15"><span class='ocrx_word' id='word_1_135' title='bbox 141 1634 248 1672; x_wconf 84' lang='lat' dir='ltr'>Haec</span> <span class='ocrx_word' id='word_1_136' title='bbox 269 1634 359 1671; x_wconf 84' lang='lat' dir='ltr'>adeo</span> <span class='ocrx_word' id='word_1_137' title='bbox 377 1634 443 1671; x_wconf 80' lang='lat' dir='ltr'>tibi</span> <span class='ocrx_word' id='word_1_138' title='bbox 464 1649 534 1679; x_wconf 87' lang='lat' dir='ltr'>me,</span> <span class='ocrx_word' id='word_1_139' title='bbox 563 1635 705 1685; x_wconf 83' lang='lat' dir='ltr'>placida</span> <span class='ocrx_word' id='word_1_140' title='bbox 725 1648 839 1685; x_wconf 87' lang='lat' dir='ltr'>quum</span> <span class='ocrx_word' id='word_1_141' title='bbox 859 1643 968 1672; x_wconf 84' lang='lat' dir='ltr'>nocte</span> <span class='ocrx_word' id='word_1_142' title='bbox 982 1637 1133 1686; x_wconf 84' lang='lat' dir='ltr'>jaceres,</span> 
     </span>
     <span class='ocr_line' id='line_1_21' title="bbox 141 1701 1030 1754; baseline 0.001 -15"><span class='ocrx_word' id='word_1_143' title='bbox 141 1702 228 1752; x_wconf 86' lang='lat' dir='ltr'>Ipsa</span> <span class='ocrx_word' id='word_1_144' title='bbox 247 1701 366 1753; x_wconf 83' lang='lat' dir='ltr'>palam</span> <span class='ocrx_word' id='word_1_145' title='bbox 386 1701 453 1740; x_wconf 81' lang='lat' dir='ltr'>fari</span> <span class='ocrx_word' id='word_1_146' title='bbox 473 1702 702 1753; x_wconf 88' lang='lat' dir='ltr'>omnipotens</span> <span class='ocrx_word' id='word_1_147' title='bbox 723 1702 894 1739; x_wconf 81' lang='lat' dir='ltr'>Saturnia</span> <span class='ocrx_word' id='word_1_148' title='bbox 909 1703 1030 1754; x_wconf 84' lang='lat' dir='ltr'>jussit.</span> 
     </span>
     <span class='ocr_line' id='line_1_22' title="bbox 140 1769 1108 1821; baseline -0.001 -14"><span class='ocrx_word' id='word_1_149' title='bbox 140 1771 266 1820; x_wconf 79' lang='lat' dir='ltr'>Quare</span> <span class='ocrx_word' id='word_1_150' title='bbox 285 1783 366 1821; x_wconf 83' lang='lat' dir='ltr'>age,</span> <span class='ocrx_word' id='word_1_151' title='bbox 394 1779 431 1807; x_wconf 90' lang='lat' dir='ltr'>et</span> <span class='ocrx_word' id='word_1_152' title='bbox 452 1770 579 1806; x_wconf 81' lang='lat' dir='ltr'>armari</span> <span class='ocrx_word' id='word_1_153' title='bbox 600 1771 735 1820; x_wconf 88' lang='lat' dir='ltr'>pubem</span> <span class='ocrx_word' id='word_1_154' title='bbox 764 1769 953 1819; x_wconf 75' lang='lat' dir='ltr'>portisque</span> <span class='ocrx_word' id='word_1_155' title='bbox 974 1770 1108 1807; x_wconf 84' lang='lat' dir='ltr'>moveri</span> 
     </span>
     <span class='ocr_line' id='line_1_23' title="bbox 140 1836 1190 1888; baseline -0.001 -13"><span class='ocrx_word' id='word_1_156' title='bbox 140 1837 281 1875; x_wconf 86' lang='lat' dir='ltr'>Laetus</span> <span class='ocrx_word' id='word_1_157' title='bbox 300 1837 335 1873; x_wconf 90' lang='lat' dir='ltr'>in</span> <span class='ocrx_word' id='word_1_158' title='bbox 355 1850 453 1874; x_wconf 76' lang='lat' dir='ltr'>arma</span> <span class='ocrx_word' id='word_1_159' title='bbox 465 1850 568 1887; x_wconf 79' lang='lat' dir='ltr'>para:</span> <span class='ocrx_word' id='word_1_160' title='bbox 586 1846 624 1874; x_wconf 81' lang='lat' dir='ltr'>et</span> <span class='ocrx_word' id='word_1_161' title='bbox 641 1836 840 1888; x_wconf 81' lang='lat' dir='ltr'>Phrygios,</span> <span class='ocrx_word' id='word_1_162' title='bbox 861 1837 923 1886; x_wconf 90' lang='lat' dir='ltr'>qui</span> <span class='ocrx_word' id='word_1_163' title='bbox 944 1837 1090 1874; x_wconf 82' lang='lat' dir='ltr'>flumine</span> <span class='ocrx_word' id='word_1_164' title='bbox 1107 1837 1190 1886; x_wconf 82' lang='lat' dir='ltr'>pul-</span> 
     </span>
     <span class='ocr_line' id='line_1_24' title="bbox 140 1904 1190 1956; baseline -0.002 -13"><span class='ocrx_word' id='word_1_165' title='bbox 140 1905 362 1950; x_wconf 82' lang='lat' dir='ltr'>Consedere,</span> <span class='ocrx_word' id='word_1_166' title='bbox 382 1906 493 1942; x_wconf 84' lang='lat' dir='ltr'>duces</span> <span class='ocrx_word' id='word_1_167' title='bbox 513 1904 701 1955; x_wconf 85' lang='lat' dir='ltr'>pictasque</span> <span class='ocrx_word' id='word_1_168' title='bbox 720 1918 831 1956; x_wconf 80' lang='lat' dir='ltr'>exure</span> <span class='ocrx_word' id='word_1_169' title='bbox 851 1905 1000 1941; x_wconf 78' lang='lat' dir='ltr'>carinas.</span> <span class='ocrx_word' id='word_1_170' title='bbox 1077 1904 1190 1954; x_wconf 81' lang='lat' dir='ltr'>[ebro</span> 
     </span>
     <span class='ocr_line' id='line_1_25' title="bbox 140 1971 1147 2023; baseline -0.002 -13"><span class='ocrx_word' id='word_1_171' title='bbox 140 1971 353 2010; x_wconf 84' lang='lat' dir='ltr'>Coelestum</span> <span class='ocrx_word' id='word_1_172' title='bbox 374 1971 425 2008; x_wconf 80' lang='lat' dir='ltr'>vis</span> <span class='ocrx_word' id='word_1_173' title='bbox 444 1985 575 2023; x_wconf 81' lang='lat' dir='ltr'>magna</span> <span class='ocrx_word' id='word_1_174' title='bbox 590 1972 709 2022; x_wconf 86' lang='lat' dir='ltr'>jubet.</span> <span class='ocrx_word' id='word_1_175' title='bbox 772 1972 855 2008; x_wconf 80' lang='lat' dir='ltr'>Rex</span> <span class='ocrx_word' id='word_1_176' title='bbox 875 1972 951 2020; x_wconf 84' lang='lat' dir='ltr'>ipse</span> <span class='ocrx_word' id='word_1_177' title='bbox 974 1971 1147 2016; x_wconf 77' lang='lat' dir='ltr'>Latinus,</span> 
     </span>
     <span class='ocr_line' id='line_1_26' title="bbox 141 2039 1056 2090; baseline -0.001 -13"><span class='ocrx_word' id='word_1_178' title='bbox 141 2040 192 2078; x_wconf 91' lang='lat' dir='ltr'>Ni</span> <span class='ocrx_word' id='word_1_179' title='bbox 211 2040 296 2077; x_wconf 89' lang='lat' dir='ltr'>dare</span> <span class='ocrx_word' id='word_1_180' title='bbox 316 2040 541 2090; x_wconf 79' lang='lat' dir='ltr'>conjugium,</span> <span class='ocrx_word' id='word_1_181' title='bbox 570 2048 606 2076; x_wconf 88' lang='lat' dir='ltr'>et</span> <span class='ocrx_word' id='word_1_182' title='bbox 628 2039 728 2076; x_wconf 72' lang='lat' dir='ltr'>dicto</span> <span class='ocrx_word' id='word_1_183' title='bbox 749 2052 887 2089; x_wconf 80' lang='lat' dir='ltr'>parcre,</span> <span class='ocrx_word' id='word_1_184' title='bbox 908 2039 1056 2084; x_wconf 80' lang='lat' dir='ltr'>fatetur,</span> 
     </span>
     <span class='ocr_line' id='line_1_27' title="bbox 142 2106 1130 2157; baseline 0 -13"><span class='ocrx_word' id='word_1_185' title='bbox 142 2106 285 2144; x_wconf 82' lang='lat' dir='ltr'>Sentiat</span> <span class='ocrx_word' id='word_1_186' title='bbox 313 2114 350 2144; x_wconf 88' lang='lat' dir='ltr'>et</span> <span class='ocrx_word' id='word_1_187' title='bbox 371 2106 519 2143; x_wconf 85' lang='lat' dir='ltr'>tandem</span> <span class='ocrx_word' id='word_1_188' title='bbox 539 2106 709 2143; x_wconf 84' lang='lat' dir='ltr'>Turnum</span> <span class='ocrx_word' id='word_1_189' title='bbox 728 2107 938 2157; x_wconf 76' lang='lat' dir='ltr'>experiatur</span> <span class='ocrx_word' id='word_1_190' title='bbox 957 2107 990 2143; x_wconf 90' lang='lat' dir='ltr'>in</span> <span class='ocrx_word' id='word_1_191' title='bbox 1012 2107 1130 2144; x_wconf 68' lang='lat' dir='ltr'>armis.</span> 
     </span>
     <span class='ocr_line' id='line_1_28' title="bbox 196 2173 1141 2224; baseline 0.001 -15"><span class='ocrx_word' id='word_1_192' title='bbox 196 2173 275 2210; x_wconf 88' lang='lat' dir='ltr'>Hic</span> <span class='ocrx_word' id='word_1_193' title='bbox 290 2173 444 2224; x_wconf 80' lang='lat' dir='ltr'>juvenis,</span> <span class='ocrx_word' id='word_1_194' title='bbox 474 2182 593 2210; x_wconf 80' lang='lat' dir='ltr'>vatem</span> <span class='ocrx_word' id='word_1_195' title='bbox 612 2173 776 2217; x_wconf 78' lang='lat' dir='ltr'>irridens,</span> <span class='ocrx_word' id='word_1_196' title='bbox 807 2174 855 2210; x_wconf 87' lang='lat' dir='ltr'>sic</span> <span class='ocrx_word' id='word_1_197' title='bbox 876 2188 957 2210; x_wconf 79' lang='lat' dir='ltr'>orsa</span> <span class='ocrx_word' id='word_1_198' title='bbox 986 2175 1141 2210; x_wconf 70' lang='lat' dir='ltr'>vicissim</span> 
     </span>
     <span class='ocr_line' id='line_1_29' title="bbox 143 2238 1074 2291; baseline 0.001 -14"><span class='ocrx_word' id='word_1_199' title='bbox 143 2239 220 2277; x_wconf 84' lang='lat' dir='ltr'>Ore</span> <span class='ocrx_word' id='word_1_200' title='bbox 243 2238 352 2277; x_wconf 77' lang='lat' dir='ltr'>refert</span> <span class='ocrx_word' id='word_1_201' title='bbox 370 2256 379 2278; x_wconf 72' lang='grc' dir='ltr'><strong>ι</strong></span> <span class='ocrx_word' id='word_1_202' title='bbox 411 2239 544 2278; x_wconf 84' lang='lat' dir='ltr'>Classis</span> <span class='ocrx_word' id='word_1_203' title='bbox 563 2241 724 2278; x_wconf 82' lang='lat' dir='ltr'>invectas</span> <span class='ocrx_word' id='word_1_204' title='bbox 744 2240 948 2291; x_wconf 78' lang='lat' dir='ltr'>Thybridis</span> <span class='ocrx_word' id='word_1_205' title='bbox 967 2240 1074 2278; x_wconf 76' lang='lat' dir='ltr'>alveo·</span> 
     </span>
     <span class='ocr_line' id='line_1_30' title="bbox 196 2304 713 2344; baseline 0.002 -1"><span class='ocrx_word' id='word_1_206' title='bbox 196 2304 314 2344; x_wconf 78' lang='lat' dir='ltr'>Tom.</span> <span class='ocrx_word' id='word_1_207' title='bbox 347 2307 404 2344; x_wconf 84' lang='lat'>11.</span> <span class='ocrx_word' id='word_1_208' title='bbox 678 2307 713 2344; x_wconf 90' lang='lat' dir='ltr'>L</span> 
     </span>
    </p>
   </div>
  </div>
 </body>
</html>
