<?xml version="1.0" encoding="UTF-8"?>
<!DOCTYPE html PUBLIC "-//W3C//DTD XHTML 1.0 Transitional//EN"
    "http://www.w3.org/TR/xhtml1/DTD/xhtml1-transitional.dtd">
<html xmlns="http://www.w3.org/1999/xhtml" xml:lang="en" lang="en">
 <head>
  <title>
</title>
<meta http-equiv="Content-Type" content="text/html;charset=utf-8" />
  <meta name='ocr-system' content='tesseract 3.04.00' />
  <meta name='ocr-capabilities' content='ocr_page ocr_carea ocr_par ocr_line ocrx_word'/>
</head>
<body>
  <div class='ocr_page' id='page_1' title='image "./operahun02virguoft_0206.png"; bbox 0 0 1455 2685; ppageno 0'>
   <div class='ocr_carea' id='block_1_1' title="bbox 224 310 1268 353">
    <p class='ocr_par' dir='ltr' id='par_1_1' title="bbox 224 310 1268 353">
     <span class='ocr_line' id='line_1_1' title="bbox 224 310 1268 353; baseline 0.001 -4"><span class='ocrx_word' id='word_1_1' title='bbox 224 313 300 350; x_wconf 83' lang='lat'><strong>198</strong></span> <span class='ocrx_word' id='word_1_2' title='bbox 509 310 809 351; x_wconf 86' lang='lat' dir='ltr'><strong>AENEIDOS</strong></span> <span class='ocrx_word' id='word_1_3' title='bbox 866 311 942 349; x_wconf 87' lang='lat' dir='ltr'><strong>XI.</strong></span> <span class='ocrx_word' id='word_1_4' title='bbox 1127 325 1160 350; x_wconf 91' lang='lat' dir='ltr'><strong>v.</strong></span> <span class='ocrx_word' id='word_1_5' title='bbox 1178 313 1268 353; x_wconf 76' lang='lat'><strong>327.</strong></span> 
     </span>
    </p>
   </div>
   <div class='ocr_carea' id='block_1_2' title="bbox 217 421 1266 2277">
    <p class='ocr_par' dir='ltr' id='par_1_2' title="bbox 217 421 1266 2277">
     <span class='ocr_line' id='line_1_2' title="bbox 223 421 1266 474; baseline -0.001 -13"><span class='ocrx_word' id='word_1_6' title='bbox 223 424 296 461; x_wconf 87' lang='lat' dir='ltr'><strong>Seu</strong></span> <span class='ocrx_word' id='word_1_7' title='bbox 316 421 428 472; x_wconf 88' lang='lat' dir='ltr'><strong>pluris</strong></span> <span class='ocrx_word' id='word_1_8' title='bbox 446 423 628 474; x_wconf 88' lang='lat' dir='ltr'><strong>complere</strong></span> <span class='ocrx_word' id='word_1_9' title='bbox 647 424 766 461; x_wconf 82' lang='lat' dir='ltr'><strong>valent</strong></span> <span class='ocrx_word' id='word_1_10' title='bbox 783 438 792 462; x_wconf 90' lang='lat'>:</span> <span class='ocrx_word' id='word_1_11' title='bbox 817 425 916 474; x_wconf 89' lang='lat' dir='ltr'><strong>jacet</strong></span> <span class='ocrx_word' id='word_1_12' title='bbox 934 422 1050 459; x_wconf 85' lang='lat' dir='ltr'><strong>omnis</strong></span> <span class='ocrx_word' id='word_1_13' title='bbox 1068 422 1115 459; x_wconf 86' lang='lat' dir='ltr'><strong>ad</strong></span> <span class='ocrx_word' id='word_1_14' title='bbox 1134 423 1266 460; x_wconf 87' lang='lat' dir='ltr'><strong>undam</strong></span> 
     </span>
     <span class='ocr_line' id='line_1_3' title="bbox 219 489 1223 541; baseline 0 -13"><span class='ocrx_word' id='word_1_15' title='bbox 219 489 396 528; x_wconf 80' lang='lat' dir='ltr'><strong>Materies</strong></span> <span class='ocrx_word' id='word_1_16' title='bbox 414 505 424 528; x_wconf 89' lang='lat'>:</span> <span class='ocrx_word' id='word_1_17' title='bbox 454 490 522 540; x_wconf 89' lang='lat' dir='ltr'><strong>ipsi</strong></span> <span class='ocrx_word' id='word_1_18' title='bbox 542 504 818 541; x_wconf 86' lang='lat' dir='ltr'><strong>numerumque,</strong></span> <span class='ocrx_word' id='word_1_19' title='bbox 839 490 1076 540; x_wconf 89' lang='lat' dir='ltr'><strong>modumque,</strong></span> <span class='ocrx_word' id='word_1_20' title='bbox 1095 491 1223 529; x_wconf 87' lang='lat' dir='ltr'><strong>carinis</strong></span> 
     </span>
     <span class='ocr_line' id='line_1_4' title="bbox 219 555 1175 606; baseline 0 -12"><span class='ocrx_word' id='word_1_21' title='bbox 219 555 449 606; x_wconf 87' lang='lat' dir='ltr'><strong>Praecipiant</strong></span> <span class='ocrx_word' id='word_1_22' title='bbox 467 571 478 600; x_wconf 93' lang='lat'>;</span> <span class='ocrx_word' id='word_1_23' title='bbox 508 570 573 593; x_wconf 90' lang='lat' dir='ltr'><strong>nos</strong></span> <span class='ocrx_word' id='word_1_24' title='bbox 593 570 688 601; x_wconf 88' lang='lat' dir='ltr'><strong>aera,</strong></span> <span class='ocrx_word' id='word_1_25' title='bbox 707 570 847 600; x_wconf 86' lang='lat' dir='ltr'><strong>manus,</strong></span> <span class='ocrx_word' id='word_1_26' title='bbox 869 557 1017 600; x_wconf 87' lang='lat' dir='ltr'><strong>navalia,</strong></span> <span class='ocrx_word' id='word_1_27' title='bbox 1037 557 1175 595; x_wconf 86' lang='lat' dir='ltr'><strong>demus.</strong></span> 
     </span>
     <span class='ocr_line' id='line_1_5' title="bbox 220 622 1175 673; baseline 0 -12"><span class='ocrx_word' id='word_1_28' title='bbox 220 622 422 665; x_wconf 84' lang='lat' dir='ltr'><strong>Praeterea,</strong></span> <span class='ocrx_word' id='word_1_29' title='bbox 443 623 506 673; x_wconf 91' lang='lat' dir='ltr'><strong>qui</strong></span> <span class='ocrx_word' id='word_1_30' title='bbox 526 623 625 660; x_wconf 88' lang='lat' dir='ltr'><strong>dicta</strong></span> <span class='ocrx_word' id='word_1_31' title='bbox 644 623 775 669; x_wconf 85' lang='lat' dir='ltr'><strong>ferant,</strong></span> <span class='ocrx_word' id='word_1_32' title='bbox 795 634 832 660; x_wconf 85' lang='lat' dir='ltr'><strong>et</strong></span> <span class='ocrx_word' id='word_1_33' title='bbox 852 623 999 661; x_wconf 84' lang='lat' dir='ltr'>foedera</span> <span class='ocrx_word' id='word_1_34' title='bbox 1018 624 1175 669; x_wconf 83' lang='lat' dir='ltr'><strong>firment,</strong></span> 
     </span>
     <span class='ocr_line' id='line_1_6' title="bbox 220 690 1064 742; baseline -0.001 -14"><span class='ocrx_word' id='word_1_35' title='bbox 220 691 380 728; x_wconf 85' lang='lat' dir='ltr'><strong>Centum</strong></span> <span class='ocrx_word' id='word_1_36' title='bbox 399 700 560 727; x_wconf 88' lang='lat' dir='ltr'><strong>oratores</strong></span> <span class='ocrx_word' id='word_1_37' title='bbox 579 690 693 740; x_wconf 85' lang='lat' dir='ltr'><strong>prima</strong></span> <span class='ocrx_word' id='word_1_38' title='bbox 713 691 758 728; x_wconf 93' lang='lat' dir='ltr'><strong>de</strong></span> <span class='ocrx_word' id='word_1_39' title='bbox 777 701 887 742; x_wconf 86' lang='lat' dir='ltr'><strong>gente</strong></span> <span class='ocrx_word' id='word_1_40' title='bbox 908 690 1064 728; x_wconf 88' lang='lat' dir='ltr'><strong>Latinos</strong></span> 
     </span>
     <span class='ocr_line' id='line_1_7' title="bbox 220 755 1167 806; baseline 0.001 -13"><span class='ocrx_word' id='word_1_41' title='bbox 220 757 281 793; x_wconf 85' lang='lat' dir='ltr'><strong>Ire</strong></span> <span class='ocrx_word' id='word_1_42' title='bbox 299 755 434 806; x_wconf 87' lang='lat' dir='ltr'><strong>placet,</strong></span> <span class='ocrx_word' id='word_1_43' title='bbox 453 757 625 806; x_wconf 88' lang='lat' dir='ltr'><strong>pacisque</strong></span> <span class='ocrx_word' id='word_1_44' title='bbox 643 769 751 792; x_wconf 87' lang='lat' dir='ltr'><strong>manu</strong></span> <span class='ocrx_word' id='word_1_45' title='bbox 769 757 1003 805; x_wconf 83' lang='lat' dir='ltr'>praetendere</span> <span class='ocrx_word' id='word_1_46' title='bbox 1022 771 1139 794; x_wconf 87' lang='lat' dir='ltr'><strong>ramos</strong></span> <span class='ocrx_word' id='word_1_47' title='bbox 1155 772 1167 802; x_wconf 67' lang='grc' dir='ltr'><strong><em>ς</em></strong></span> 
     </span>
     <span class='ocr_line' id='line_1_8' title="bbox 220 822 1204 874; baseline 0.003 -16"><span class='ocrx_word' id='word_1_48' title='bbox 220 822 378 859; x_wconf 84' lang='lat' dir='ltr'>Munera</span> <span class='ocrx_word' id='word_1_49' title='bbox 397 823 591 872; x_wconf 85' lang='lat' dir='ltr'><strong>portantis,</strong></span> <span class='ocrx_word' id='word_1_50' title='bbox 611 822 762 873; x_wconf 80' lang='lat' dir='ltr'><strong>aurique</strong></span> <span class='ocrx_word' id='word_1_51' title='bbox 780 823 974 873; x_wconf 81' lang='lat' dir='ltr'><strong>eborisque</strong></span> <span class='ocrx_word' id='word_1_52' title='bbox 993 823 1204 874; x_wconf 86' lang='lat' dir='ltr'><strong>talentaque</strong></span> 
     </span>
     <span class='ocr_line' id='line_1_9' title="bbox 220 889 1157 941; baseline 0.002 -15"><span class='ocrx_word' id='word_1_53' title='bbox 220 889 275 927; x_wconf 82' lang='lat' dir='ltr'><strong>Et</strong></span> <span class='ocrx_word' id='word_1_54' title='bbox 295 889 428 934; x_wconf 84' lang='lat' dir='ltr'><strong>sellam,</strong></span> <span class='ocrx_word' id='word_1_55' title='bbox 449 889 566 941; x_wconf 87' lang='lat' dir='ltr'><strong>regni,</strong></span> <span class='ocrx_word' id='word_1_56' title='bbox 585 890 835 939; x_wconf 85' lang='lat' dir='ltr'><strong>trabeamque,</strong></span> <span class='ocrx_word' id='word_1_57' title='bbox 853 889 1007 940; x_wconf 87' lang='lat' dir='ltr'><strong>insignia</strong></span> <span class='ocrx_word' id='word_1_58' title='bbox 1031 891 1157 929; x_wconf 79' lang='lat' dir='ltr'><strong>nostri.</strong></span> 
     </span>
     <span class='ocr_line' id='line_1_10' title="bbox 219 955 1192 1001; baseline 0.002 -8"><span class='ocrx_word' id='word_1_59' title='bbox 219 955 411 994; x_wconf 86' lang='lat' dir='ltr'><strong>Consulite</strong></span> <span class='ocrx_word' id='word_1_60' title='bbox 428 956 464 992; x_wconf 89' lang='lat' dir='ltr'><strong>in</strong></span> <span class='ocrx_word' id='word_1_61' title='bbox 484 956 655 1001; x_wconf 89' lang='lat' dir='ltr'><strong>medium,</strong></span> <span class='ocrx_word' id='word_1_62' title='bbox 674 965 712 994; x_wconf 89' lang='lat' dir='ltr'><strong>et</strong></span> <span class='ocrx_word' id='word_1_63' title='bbox 732 957 839 994; x_wconf 88' lang='lat' dir='ltr'><strong>rebus</strong></span> <span class='ocrx_word' id='word_1_64' title='bbox 859 957 1059 994; x_wconf 79' lang='lat' dir='ltr'><strong>succurrite</strong></span> <span class='ocrx_word' id='word_1_65' title='bbox 1077 957 1192 995; x_wconf 88' lang='lat' dir='ltr'><strong>fessis.</strong></span> 
     </span>
     <span class='ocr_line' id='line_1_11' title="bbox 272 1022 1266 1075; baseline 0.001 -16"><span class='ocrx_word' id='word_1_66' title='bbox 272 1022 374 1059; x_wconf 91' lang='lat' dir='ltr'><strong>Tum</strong></span> <span class='ocrx_word' id='word_1_67' title='bbox 394 1023 561 1060; x_wconf 84' lang='lat' dir='ltr'><strong>Drances</strong></span> <span class='ocrx_word' id='word_1_68' title='bbox 580 1022 676 1060; x_wconf 89' lang='lat' dir='ltr'><strong>idem</strong></span> <span class='ocrx_word' id='word_1_69' title='bbox 690 1022 865 1068; x_wconf 89' lang='lat' dir='ltr'><strong>infensus,</strong></span> <span class='ocrx_word' id='word_1_70' title='bbox 881 1037 990 1073; x_wconf 89' lang='lat' dir='ltr'><strong>quem</strong></span> <span class='ocrx_word' id='word_1_71' title='bbox 1009 1023 1125 1075; x_wconf 86' lang='lat' dir='ltr'><strong>gloria</strong></span> <span class='ocrx_word' id='word_1_72' title='bbox 1146 1023 1266 1061; x_wconf 88' lang='lat' dir='ltr'><strong>Turni</strong></span> 
     </span>
     <span class='ocr_line' id='line_1_12' title="bbox 221 1088 1132 1142; baseline 0 -16"><span class='ocrx_word' id='word_1_73' title='bbox 221 1088 384 1138; x_wconf 89' lang='lat' dir='ltr'><strong>Obliqua</strong></span> <span class='ocrx_word' id='word_1_74' title='bbox 402 1089 533 1126; x_wconf 82' lang='lat' dir='ltr'><strong>invidia</strong></span> <span class='ocrx_word' id='word_1_75' title='bbox 553 1089 781 1140; x_wconf 86' lang='lat' dir='ltr'><strong>stimulisque</strong></span> <span class='ocrx_word' id='word_1_76' title='bbox 801 1090 964 1142; x_wconf 81' lang='lat' dir='ltr'><strong>agitabat</strong></span> <span class='ocrx_word' id='word_1_77' title='bbox 991 1090 1132 1134; x_wconf 87' lang='lat' dir='ltr'><strong>amaris,</strong></span> 
     </span>
     <span class='ocr_line' id='line_1_13' title="bbox 219 1155 1221 1208; baseline 0.002 -16"><span class='ocrx_word' id='word_1_78' title='bbox 219 1155 367 1206; x_wconf 87' lang='lat' dir='ltr'><strong>Largus</strong></span> <span class='ocrx_word' id='word_1_79' title='bbox 385 1170 513 1206; x_wconf 88' lang='lat' dir='ltr'><strong>opum,</strong></span> <span class='ocrx_word' id='word_1_80' title='bbox 531 1166 569 1194; x_wconf 88' lang='lat' dir='ltr'><strong>et</strong></span> <span class='ocrx_word' id='word_1_81' title='bbox 588 1157 713 1208; x_wconf 89' lang='lat' dir='ltr'><strong>lingua</strong></span> <span class='ocrx_word' id='word_1_82' title='bbox 732 1157 872 1201; x_wconf 89' lang='lat' dir='ltr'><strong>melior,</strong></span> <span class='ocrx_word' id='word_1_83' title='bbox 893 1157 956 1194; x_wconf 88' lang='lat' dir='ltr'><strong>sed</strong></span> <span class='ocrx_word' id='word_1_84' title='bbox 973 1156 1107 1208; x_wconf 83' lang='lat' dir='ltr'><strong>frigida</strong></span> <span class='ocrx_word' id='word_1_85' title='bbox 1124 1157 1221 1194; x_wconf 90' lang='lat' dir='ltr'><strong>bello</strong></span> 
     </span>
     <span class='ocr_line' id='line_1_14' title="bbox 218 1222 1133 1268; baseline 0.001 -9"><span class='ocrx_word' id='word_1_86' title='bbox 218 1222 400 1267; x_wconf 83' lang='lat' dir='ltr'><strong>Dextera,</strong></span> <span class='ocrx_word' id='word_1_87' title='bbox 421 1223 578 1260; x_wconf 90' lang='lat' dir='ltr'><strong>consiliis</strong></span> <span class='ocrx_word' id='word_1_88' title='bbox 597 1224 744 1261; x_wconf 86' lang='lat' dir='ltr'><strong>habitus</strong></span> <span class='ocrx_word' id='word_1_89' title='bbox 763 1238 835 1261; x_wconf 89' lang='lat' dir='ltr'><strong>non</strong></span> <span class='ocrx_word' id='word_1_90' title='bbox 855 1223 972 1261; x_wconf 90' lang='lat' dir='ltr'><strong>futilis</strong></span> <span class='ocrx_word' id='word_1_91' title='bbox 990 1233 1133 1268; x_wconf 89' lang='lat' dir='ltr'><strong>auctor,</strong></span> 
     </span>
     <span class='ocr_line' id='line_1_15' title="bbox 220 1289 1220 1341; baseline 0.002 -16"><span class='ocrx_word' id='word_1_92' title='bbox 220 1289 405 1327; x_wconf 87' lang='lat' dir='ltr'><strong>Seditione</strong></span> <span class='ocrx_word' id='word_1_93' title='bbox 424 1299 554 1340; x_wconf 84' lang='lat' dir='ltr'><strong>potens</strong></span> <span class='ocrx_word' id='word_1_94' title='bbox 569 1306 580 1336; x_wconf 92' lang='lat'>;</span> <span class='ocrx_word' id='word_1_95' title='bbox 610 1304 724 1341; x_wconf 88' lang='lat' dir='ltr'><strong>genus</strong></span> <span class='ocrx_word' id='word_1_96' title='bbox 739 1290 825 1328; x_wconf 85' lang='lat' dir='ltr'><strong>huic</strong></span> <span class='ocrx_word' id='word_1_97' title='bbox 841 1299 1003 1328; x_wconf 82' lang='lat' dir='ltr'><strong>materna</strong></span> <span class='ocrx_word' id='word_1_98' title='bbox 1022 1291 1220 1340; x_wconf 86' lang='lat' dir='ltr'><strong>superbum</strong></span> 
     </span>
     <span class='ocr_line' id='line_1_16' title="bbox 218 1356 1129 1408; baseline 0.001 -15"><span class='ocrx_word' id='word_1_99' title='bbox 218 1356 404 1394; x_wconf 84' lang='lat' dir='ltr'><strong>Nobilitas</strong></span> <span class='ocrx_word' id='word_1_100' title='bbox 423 1357 547 1403; x_wconf 85' lang='lat' dir='ltr'><strong>dabat,</strong></span> <span class='ocrx_word' id='word_1_101' title='bbox 575 1358 756 1395; x_wconf 86' lang='lat' dir='ltr'><strong>incertum</strong></span> <span class='ocrx_word' id='word_1_102' title='bbox 775 1358 820 1395; x_wconf 93' lang='lat' dir='ltr'><strong>de</strong></span> <span class='ocrx_word' id='word_1_103' title='bbox 840 1366 944 1408; x_wconf 89' lang='lat' dir='ltr'><strong>patre</strong></span> <span class='ocrx_word' id='word_1_104' title='bbox 963 1356 1102 1395; x_wconf 86' lang='lat' dir='ltr'><strong>ferebat</strong></span> <span class='ocrx_word' id='word_1_105' title='bbox 1119 1373 1129 1402; x_wconf 92' lang='lat'><strong>;</strong></span> 
     </span>
     <span class='ocr_line' id='line_1_17' title="bbox 224 1423 1209 1476; baseline 0.002 -16"><span class='ocrx_word' id='word_1_106' title='bbox 224 1423 367 1475; x_wconf 87' lang='lat' dir='ltr'><strong>Surgit,</strong></span> <span class='ocrx_word' id='word_1_107' title='bbox 395 1434 432 1461; x_wconf 90' lang='lat' dir='ltr'><strong>et</strong></span> <span class='ocrx_word' id='word_1_108' title='bbox 450 1425 505 1461; x_wconf 89' lang='lat' dir='ltr'><strong>his</strong></span> <span class='ocrx_word' id='word_1_109' title='bbox 524 1433 650 1462; x_wconf 85' lang='lat' dir='ltr'><strong>onerat</strong></span> <span class='ocrx_word' id='word_1_110' title='bbox 671 1425 791 1471; x_wconf 82' lang='lat' dir='ltr'><strong>dictis,</strong></span> <span class='ocrx_word' id='word_1_111' title='bbox 811 1434 922 1475; x_wconf 90' lang='lat' dir='ltr'><strong>atque</strong></span> <span class='ocrx_word' id='word_1_112' title='bbox 941 1433 1094 1476; x_wconf 86' lang='lat' dir='ltr'><strong>aggerat</strong></span> <span class='ocrx_word' id='word_1_113' title='bbox 1112 1424 1181 1461; x_wconf 85' lang='lat' dir='ltr'><strong>iras</strong></span> <span class='ocrx_word' id='word_1_114' title='bbox 1198 1439 1209 1462; x_wconf 90' lang='lat'><strong>:</strong></span> 
     </span>
     <span class='ocr_line' id='line_1_18' title="bbox 274 1491 1264 1542; baseline -0.001 -14"><span class='ocrx_word' id='word_1_115' title='bbox 274 1491 367 1528; x_wconf 88' lang='lat' dir='ltr'><strong>Rem</strong></span> <span class='ocrx_word' id='word_1_116' title='bbox 387 1491 474 1528; x_wconf 89' lang='lat' dir='ltr'><strong>nulli</strong></span> <span class='ocrx_word' id='word_1_117' title='bbox 489 1492 693 1536; x_wconf 81' lang='lat' dir='ltr'><strong>obscuram,</strong></span> <span class='ocrx_word' id='word_1_118' title='bbox 714 1501 858 1528; x_wconf 87' lang='lat' dir='ltr'><strong>nostrae</strong></span> <span class='ocrx_word' id='word_1_119' title='bbox 875 1505 939 1528; x_wconf 91' lang='lat' dir='ltr'><strong>nec</strong></span> <span class='ocrx_word' id='word_1_120' title='bbox 960 1491 1058 1528; x_wconf 85' lang='lat' dir='ltr'><strong>vocis</strong></span> <span class='ocrx_word' id='word_1_121' title='bbox 1079 1500 1264 1542; x_wconf 86' lang='lat' dir='ltr'><strong>egentem,</strong></span> 
     </span>
     <span class='ocr_line' id='line_1_19' title="bbox 218 1556 1199 1602; baseline 0.001 -9"><span class='ocrx_word' id='word_1_122' title='bbox 218 1556 400 1602; x_wconf 75' lang='lat' dir='ltr'><strong>Consulis,</strong></span> <span class='ocrx_word' id='word_1_123' title='bbox 419 1572 442 1594; x_wconf 95' lang='lat' dir='ltr'><strong>o</strong></span> <span class='ocrx_word' id='word_1_124' title='bbox 462 1558 558 1595; x_wconf 92' lang='lat' dir='ltr'><strong>bone</strong></span> <span class='ocrx_word' id='word_1_125' title='bbox 576 1572 636 1595; x_wconf 80' lang='lat' dir='ltr'><strong>rex</strong></span> <span class='ocrx_word' id='word_1_126' title='bbox 656 1561 664 1595; x_wconf 91' lang='lat'>!</span> <span class='ocrx_word' id='word_1_127' title='bbox 698 1558 837 1596; x_wconf 86' lang='lat' dir='ltr'><strong>Cuncti</strong></span> <span class='ocrx_word' id='word_1_128' title='bbox 857 1571 892 1595; x_wconf 90' lang='lat' dir='ltr'><strong>se</strong></span> <span class='ocrx_word' id='word_1_129' title='bbox 912 1558 1002 1596; x_wconf 90' lang='lat' dir='ltr'><strong>scire</strong></span> <span class='ocrx_word' id='word_1_130' title='bbox 1022 1557 1199 1602; x_wconf 90' lang='lat' dir='ltr'><strong>fatentur,</strong></span> 
     </span>
     <span class='ocr_line' id='line_1_20' title="bbox 220 1623 1195 1674; baseline 0.002 -15"><span class='ocrx_word' id='word_1_131' title='bbox 220 1623 322 1673; x_wconf 80' lang='lat' dir='ltr'><strong>Quid</strong></span> <span class='ocrx_word' id='word_1_132' title='bbox 341 1623 487 1660; x_wconf 84' lang='lat' dir='ltr'><strong>fortuna</strong></span> <span class='ocrx_word' id='word_1_133' title='bbox 502 1623 593 1661; x_wconf 88' lang='lat' dir='ltr'><strong>ferat</strong></span> <span class='ocrx_word' id='word_1_134' title='bbox 613 1623 742 1674; x_wconf 87' lang='lat' dir='ltr'><strong>populi</strong></span> <span class='ocrx_word' id='word_1_135' title='bbox 760 1638 770 1669; x_wconf 88' lang='lat'>;</span> <span class='ocrx_word' id='word_1_136' title='bbox 801 1623 866 1661; x_wconf 90' lang='lat' dir='ltr'><strong>sed</strong></span> <span class='ocrx_word' id='word_1_137' title='bbox 884 1623 1003 1661; x_wconf 85' lang='lat' dir='ltr'><strong>dicere</strong></span> <span class='ocrx_word' id='word_1_138' title='bbox 1022 1633 1195 1662; x_wconf 84' lang='lat' dir='ltr'><strong>mussant.</strong></span> 
     </span>
     <span class='ocr_line' id='line_1_21' title="bbox 217 1690 1050 1741; baseline 0.002 -14"><span class='ocrx_word' id='word_1_139' title='bbox 217 1691 299 1728; x_wconf 86' lang='lat' dir='ltr'><strong>Det</strong></span> <span class='ocrx_word' id='word_1_140' title='bbox 317 1690 523 1728; x_wconf 86' lang='lat' dir='ltr'><strong>libertatem</strong></span> <span class='ocrx_word' id='word_1_141' title='bbox 542 1690 653 1734; x_wconf 83' lang='lat' dir='ltr'><strong>fandi,</strong></span> <span class='ocrx_word' id='word_1_142' title='bbox 675 1691 855 1741; x_wconf 87' lang='lat' dir='ltr'><strong>flatusque</strong></span> <span class='ocrx_word' id='word_1_143' title='bbox 874 1692 1050 1736; x_wconf 82' lang='lat' dir='ltr'><strong>remittat,</strong></span> 
     </span>
     <span class='ocr_line' id='line_1_22' title="bbox 218 1756 1264 1809; baseline 0.002 -15"><span class='ocrx_word' id='word_1_144' title='bbox 218 1757 333 1809; x_wconf 86' lang='lat' dir='ltr'><strong>Cujus</strong></span> <span class='ocrx_word' id='word_1_145' title='bbox 351 1758 400 1794; x_wconf 94' lang='lat' dir='ltr'><strong>ob</strong></span> <span class='ocrx_word' id='word_1_146' title='bbox 419 1757 619 1807; x_wconf 85' lang='lat' dir='ltr'><strong>auspicium</strong></span> <span class='ocrx_word' id='word_1_147' title='bbox 638 1756 854 1801; x_wconf 85' lang='lat' dir='ltr'><strong>infaustum,</strong></span> <span class='ocrx_word' id='word_1_148' title='bbox 875 1771 1067 1808; x_wconf 84' lang='lat' dir='ltr'><strong>moresque</strong></span> <span class='ocrx_word' id='word_1_149' title='bbox 1086 1757 1264 1804; x_wconf 80' lang='lat' dir='ltr'><strong>sinistros,</strong></span> 
     </span>
     <span class='ocr_line' id='line_1_23' title="bbox 223 1823 1264 1876; baseline 0.003 -16"><span class='ocrx_word' id='word_1_150' title='bbox 223 1823 380 1876; x_wconf 87' lang='lat' dir='ltr'><strong>(Dicam</strong></span> <span class='ocrx_word' id='word_1_151' title='bbox 392 1823 576 1874; x_wconf 86' lang='lat' dir='ltr'><strong>equidem,</strong></span> <span class='ocrx_word' id='word_1_152' title='bbox 588 1823 673 1862; x_wconf 91' lang='lat' dir='ltr'><strong>licet</strong></span> <span class='ocrx_word' id='word_1_153' title='bbox 686 1838 784 1861; x_wconf 88' lang='lat' dir='ltr'><strong>arma</strong></span> <span class='ocrx_word' id='word_1_154' title='bbox 802 1824 890 1861; x_wconf 85' lang='lat' dir='ltr'><strong>mihi</strong></span> <span class='ocrx_word' id='word_1_155' title='bbox 906 1833 1136 1874; x_wconf 87' lang='lat' dir='ltr'><strong>mortemque</strong></span> <span class='ocrx_word' id='word_1_156' title='bbox 1152 1825 1264 1863; x_wconf 88' lang='lat' dir='ltr'><strong>mine-</strong></span> 
     </span>
     <span class='ocr_line' id='line_1_24' title="bbox 220 1890 1260 1943; baseline 0.001 -16"><span class='ocrx_word' id='word_1_157' title='bbox 220 1890 378 1927; x_wconf 79' lang='lat' dir='ltr'><strong>Lumina</strong></span> <span class='ocrx_word' id='word_1_158' title='bbox 386 1899 443 1927; x_wconf 90' lang='lat' dir='ltr'><strong>tot</strong></span> <span class='ocrx_word' id='word_1_159' title='bbox 455 1890 623 1928; x_wconf 86' lang='lat' dir='ltr'><strong>cecidisse</strong></span> <span class='ocrx_word' id='word_1_160' title='bbox 635 1891 976 1941; x_wconf 86' lang='lat' dir='ltr'><strong>ducum,totamque</strong></span> <span class='ocrx_word' id='word_1_161' title='bbox 983 1890 1144 1928; x_wconf 85' lang='lat' dir='ltr'><strong>videmus</strong></span> <span class='ocrx_word' id='word_1_162' title='bbox 1154 1891 1260 1943; x_wconf 89' lang='lat' dir='ltr'><strong>[tur)</strong></span> 
     </span>
     <span class='ocr_line' id='line_1_25' title="bbox 218 1956 1112 2003; baseline 0 -9"><span class='ocrx_word' id='word_1_163' title='bbox 218 1956 432 1994; x_wconf 80' lang='lat' dir='ltr'><strong>consedisse</strong></span> <span class='ocrx_word' id='word_1_164' title='bbox 450 1958 576 1994; x_wconf 86' lang='lat' dir='ltr'><strong>urbem</strong></span> <span class='ocrx_word' id='word_1_165' title='bbox 595 1957 699 1995; x_wconf 89' lang='lat' dir='ltr'><strong>luctu</strong></span> <span class='ocrx_word' id='word_1_166' title='bbox 715 1973 725 2003; x_wconf 88' lang='lat'>;</span> <span class='ocrx_word' id='word_1_167' title='bbox 755 1958 843 1994; x_wconf 89' lang='lat' dir='ltr'><strong>dum</strong></span> <span class='ocrx_word' id='word_1_168' title='bbox 863 1957 979 1995; x_wconf 80' lang='lat' dir='ltr'><strong>Tro&#39;i&#39;a</strong></span> <span class='ocrx_word' id='word_1_169' title='bbox 993 1966 1112 1994; x_wconf 89' lang='lat' dir='ltr'><strong>tentat</strong></span> 
     </span>
     <span class='ocr_line' id='line_1_26' title="bbox 217 2024 1154 2076; baseline -0.003 -12"><span class='ocrx_word' id='word_1_170' title='bbox 217 2026 359 2071; x_wconf 84' lang='lat' dir='ltr'><strong>Castra,</strong></span> <span class='ocrx_word' id='word_1_171' title='bbox 378 2024 486 2076; x_wconf 84' lang='lat' dir='ltr'><strong>fugae</strong></span> <span class='ocrx_word' id='word_1_172' title='bbox 507 2025 636 2070; x_wconf 86' lang='lat' dir='ltr'><strong>fidens,</strong></span> <span class='ocrx_word' id='word_1_173' title='bbox 655 2034 692 2062; x_wconf 89' lang='lat' dir='ltr'><strong>et</strong></span> <span class='ocrx_word' id='word_1_174' title='bbox 711 2025 854 2063; x_wconf 87' lang='lat' dir='ltr'><strong>coelum</strong></span> <span class='ocrx_word' id='word_1_175' title='bbox 871 2024 1014 2062; x_wconf 86' lang='lat' dir='ltr'><strong>territat</strong></span> <span class='ocrx_word' id='word_1_176' title='bbox 1034 2025 1154 2062; x_wconf 88' lang='lat' dir='ltr'><strong>armis.</strong></span> 
     </span>
     <span class='ocr_line' id='line_1_27' title="bbox 217 2090 1103 2142; baseline -0.002 -13"><span class='ocrx_word' id='word_1_177' title='bbox 217 2093 343 2130; x_wconf 90' lang='lat' dir='ltr'><strong>Unum</strong></span> <span class='ocrx_word' id='word_1_178' title='bbox 361 2092 469 2129; x_wconf 87' lang='lat' dir='ltr'><strong>etiam</strong></span> <span class='ocrx_word' id='word_1_179' title='bbox 489 2092 591 2130; x_wconf 90' lang='lat' dir='ltr'><strong>donis</strong></span> <span class='ocrx_word' id='word_1_180' title='bbox 611 2092 704 2136; x_wconf 81' lang='lat' dir='ltr'><strong>istis,</strong></span> <span class='ocrx_word' id='word_1_181' title='bbox 718 2106 812 2142; x_wconf 89' lang='lat' dir='ltr'><strong>quae</strong></span> <span class='ocrx_word' id='word_1_182' title='bbox 831 2091 985 2142; x_wconf 89' lang='lat' dir='ltr'><strong>plurima</strong></span> <span class='ocrx_word' id='word_1_183' title='bbox 1004 2090 1103 2128; x_wconf 71' lang='lat' dir='ltr'><strong>mitti</strong></span> 
     </span>
     <span class='ocr_line' id='line_1_28' title="bbox 219 2157 1209 2210; baseline -0.001 -14"><span class='ocrx_word' id='word_1_184' title='bbox 219 2158 438 2196; x_wconf 82' lang='lat' dir='ltr'><strong>Dardanidis</strong></span> <span class='ocrx_word' id='word_1_185' title='bbox 458 2158 601 2209; x_wconf 88' lang='lat' dir='ltr'><strong>dicique</strong></span> <span class='ocrx_word' id='word_1_186' title='bbox 616 2160 736 2210; x_wconf 87' lang='lat' dir='ltr'><strong>jubes,</strong></span> <span class='ocrx_word' id='word_1_187' title='bbox 756 2172 881 2202; x_wconf 89' lang='lat' dir='ltr'><strong>unum,</strong></span> <span class='ocrx_word' id='word_1_188' title='bbox 906 2157 1047 2208; x_wconf 83' lang='lat' dir='ltr'><strong>optime</strong></span> <span class='ocrx_word' id='word_1_189' title='bbox 1066 2171 1209 2210; x_wconf 85' lang='lat' dir='ltr'><strong>regum,</strong></span> 
     </span>
     <span class='ocr_line' id='line_1_29' title="bbox 220 2225 1032 2277; baseline 0.001 -15"><span class='ocrx_word' id='word_1_190' title='bbox 220 2225 388 2277; x_wconf 74' lang='lat' dir='ltr'><strong>Adjicias</strong></span> <span class='ocrx_word' id='word_1_191' title='bbox 404 2240 414 2272; x_wconf 81' lang='lat'><em>3</em></span> <span class='ocrx_word' id='word_1_192' title='bbox 443 2239 508 2263; x_wconf 86' lang='lat' dir='ltr'><strong>nec</strong></span> <span class='ocrx_word' id='word_1_193' title='bbox 527 2234 564 2263; x_wconf 90' lang='lat' dir='ltr'><strong>te</strong></span> <span class='ocrx_word' id='word_1_194' title='bbox 584 2225 691 2264; x_wconf 86' lang='lat' dir='ltr'><strong>ullius</strong></span> <span class='ocrx_word' id='word_1_195' title='bbox 709 2225 880 2264; x_wconf 82' lang='lat' dir='ltr'><strong>violentia</strong></span> <span class='ocrx_word' id='word_1_196' title='bbox 899 2225 1032 2272; x_wconf 84' lang='lat' dir='ltr'><strong>vincat,</strong></span> 
     </span>
    </p>
   </div>
  </div>
 </body>
</html>
