1455 2685
195 308 231 344 ψ.
251 309 340 345 380.
505 303 807 342 AENEIDos
866 305 939 343 1x.
1177 297 1252 350 137‘

195 416 300 454 Hinc
326 426 437 466 atque
455 415 553 460 hinc,
573 430 788 466 omnemque
808 416 948 453 abitum
969 417 1119 454 custode
1139 432 1245 456 coro-

249 483 346 521 Silva
364 483 448 527 fuit,
477 482 548 520 late
569 483 686 520 dumis
705 492 815 532 atque
836 482 917 519 ilice
936 482 1040 533 nigra
1118 487 1243 534 [naun

193 548 374 593 Horrida,
403 563 511 600 quam
531 549 630 586 densi
650 549 873 599 complerant
894 551 1054 600 undique
1075 560 1191 589 sentes
1209 568 1218 590 :

194 614 292 652 Rara
312 629 378 665 per
396 615 562 652 occultos
582 614 727 652 lucebat
749 616 874 652 semita
895 615 1008 654 callis.

189 680 393 731 Euryalum
413 682 581 719 tenebrae
601 695 782 718 ramorum
801 696 1024 732 onerosaque
1051 677 1185 733 praeda

188 747 416 798 Impediunt,
446 746 611 797 fallitque
632 747 740 784 timor
759 747 905 798 regione
925 749 1085 786 viarum:

187 813 298 852 Nisus
318 814 406 851 abit.
462 814 618 864 Jamque
636 814 845 864 imprudens
865 823 1026 851 evaserat
1052 815 1182 861 hostis,

181 880 317 930 Atque
336 880 449 924 lacus,
479 881 541 930 qui
560 890 644 930 post
665 880 789 917 Albae
809 880 853 917 de
874 882 1015 918 nomine
1036 881 1126 918 dicti

183 945 326 984 Albani
344 963 354 992 ;
381 956 460 983 tum
479 961 541 984 rex
563 947 707 984 stabula·
723 947 795 984 alta
817 947 973 985 Latinus
992 947 1150 985 habebat
1167 964 1180 993 ;

185 1014 244 1052 Ut
263 1015 380 1058 stetit,
408 1023 445 1051 et
465 1013 598 1051 frustra
617 1015 802 1051 absentem
822 1015 980 1064 respexit
1001 1011 1182 1053 amicuni:

183 1080 361 1131 Euryale,
388 1080 514 1118 infelix
538 1095 609 1130 qua
629 1090 664 1117 te
684 1081 832 1132 regione
852 1081 977 1131 reliqui
995 1083 1008 1119 ?

181 1148 310 1197 Quave
323 1147 832 1197 sequar?Rursusperplexum
847 1148 914 1185 iter
927 1163 1032 1186 omne
1048 1149 1231 1187 revolvens

181 1213 335 1251 Fallacis
355 1214 475 1258 silvae,
506 1214 610 1250 simul
629 1223 666 1250 et
687 1215 839 1264 vestigia
859 1224 956 1251 retro

180 1280 397 1325 Observata,
424 1280 515 1331 legit
534 1296 544 1324 ;
575 1281 763 1330 dumisque
785 1280 971 1318 silentibus
991 1292 1100 1319 errat.

176 1347 303 1385 Audit
322 1361 450 1398 equos,
479 1347 580 1384 audit
602 1350 774 1396 strepitus
795 1356 831 1383 ct
852 1348 952 1398 signa
973 1357 1200 1398 sequentum.

177 1414 258 1452 Nec
273 1414 424 1466 longum
440 1414 474 1450 in
491 1414 608 1451 medio
623 1422 780 1463 temp11S,
797 1428 909 1463 quum
926 1414 1061 1451 clamor
1074 1416 1118 1452 ad
1131 1415 1226 1453 auris

178 1481 361 1526 Pervenit,
380 1495 423 1518 ac
438 1481 534 1518 videt
549 1480 752 1530 Euryalum
770 1497 781 1527 ;
803 1483 993 1532 quemjam
1009 1495 1132 1518 manus
1147 1496 1227 1518 om-

177 1548 320 1586 Fraude
332 1547 403 1584 loci
418 1558 454 1585 et
466 1548 600 1593 noctis,
616 1547 737 1584 subito
753 1548 924 1584 turbante
940 1548 1115 1592 tumultu,
1134 1548 1228 1598 [nis5

176 1615 420 1665 Oppressum,
450 1614 557 1664 rapit,
585 1623 622 1651 et
642 1622 832 1651 conantem
852 1613 1004 1664 plurima
1024 1613 1170 1652 frustra.

174 1681 277 1731 Quid
296 1681 407 1718 faciat
424 1682 437 1719 ἓ
465 1694 537 1731 qua
557 1681 589 1717 vi
603 1683 784 1732 juvenem,
814 1681 946 1730 quibus
965 1680 1096 1718 audeat
1115 1680 1222 1718 arinis

173 1747 327 1798 Eripere
344 1748 357 1785 ?
384 1761 427 1784 an
447 1761 521 1784 sese
541 1747 676 1785 medios
696 1747 892 1784 moriturus
912 1748 946 1784 in
967 1761 1068 1785 enses

174 1812 327 1858 Inferat‚
347 1822 384 1851 et
404 1813 593 1864 pulchram
608 1824 779 1865 properet
794 1828 858 1864 per
873 1814 1016 1852 volnera
1036 1823 1189 1852 mortem
1204 1816 1218 1852 ἓ

171 1880 290 1918 Ocius
309 1881 469 1918 adducto
489 1891 662 1931 torquens
681 1881 809 1919 hastile
830 1881 980 1925 lacerto,

173 1946 381 1997 Suspiciens
400 1946 509 1984 altam
531 1947 692 1992 Lunam,
722 1948 772 1985 sic
792 1962 880 1985 voce
902 1957 1094 1998 precatur:

170 2012 248 2057 Tu,
277 2013 357 2056 dea,
386 2021 428 2050 tu
448 2027 612 2063 praesens
633 2023 756 2051 nostro
777 2028 946 2051 succurre
966 2014 1094 2059 labori,

169 2080 371 2117 Astrorum
391 2080 514 2124 decus,
542 2089 577 2118 et
594 2094 778 2118 nemorum
802 2081 962 2118 Latonia
982 2092 1106 2119 custos
1124 2098 1133 2120 :

171 2146 210 2183 Si
231 2159 302 2195 qua
321 2147 394 2184 tuis
415 2161 585 2198 umquam
607 2162 672 2198 pro
694 2162 748 2185 me
769 2158 872 2198 pater
893 2148 1086 2199 Hyrtacus
1106 2149 1176 2187 aris

170 2211 281 2253 Dona
299 2212 398 2257 tulit,
429 2214 456 2250 si
476 2228 548 2264 qua
567 2215 642 2265 ipse
663 2215 750 2252 meis
770 2215 955 2252 venatibus
976 2215 1072 2255 auxi,

224 2278 340 2318 Tum,
374 2280 430 2317 ΙΙ.
722 2281 747 2319 S
