1455 2685
202 328 235 353 v.
253 313 344 355 577.
507 311 813 352 AENEIDOS
870 314 969 352 VII.
1203 319 1253 359 87

203 424 355 464 Turnus
374 424 490 469 adest,
523 425 716 476 medioque
735 426 770 462 in
792 425 939 463 crimine
959 426 1079 464 caedis
1097 437 1134 465 et
1153 429 1247 481 ignis

201 491 399 530 Terrorem
418 492 639 544 ingeminat:
669 492 838 530 Teucros
858 492 893 529 in
913 506 1026 544 regua
1045 495 1165 532 vocari
1183 511 1194 542 ς
1247 480 1250 483 .

201 559 362 610 Stirpem
382 559 568 596 admisceri
589 558 791 609 Phrygiam
808 575 819 604 ;
848 572 884 595 se
902 558 1025 596 limine
1044 559 1142 609 pelli.

201 626 317 670 Tum,
326 640 495 677 quorum,
507 625 684 663 attonitae
693 625 859 669 Baccho,
870 640 1016 663 nemora
1027 627 1105 665 avia
1119 638 1248 667 matres

201 692 385 731 Insultant
405 693 543 737 thiasis,
570 706 688 743 neque
707 692 803 730 enim
822 692 900 730 leve
920 707 1050 731 nomen
1070 693 1249 742 Amatae,

201 760 378 811 Undique
398 759 544 799 collecti
563 761 713 804 coe’unt,
735 759 971 810 Martemque
991 759 1162 813 fatigant.

199 826 307 865 Ilicet
326 827 513 865 infandum
531 828 656 865 cuncti
676 835 804 864 contra
823 827 944 864 omina
964 828 1115 873 bellum,

197 896 338 934 Contra
356 895 432 933 fata
451 895 572 939 desim,
601 907 770 953 perverso
790 894 948 939 numine,
969 905 1129 945 poscunt
1146 912 1157 935 ς

197 962 377 1000 Certatim
397 962 492 1014 regis
511 962 747 999 circumstant
769 970 869 998 tecta
889 961 1032 999 Latini.

196 1029 278 1076 Ille,
306 1029 405 1068 velut
424 1029 544 1081 pelagi
564 1042 672 1079 rupes
691 1028 854 1072 immota,
883 1028 1043 1067 resistit:

196 1097 254 1134 Ut
274 1096 394 1148 pelagi
414 1109 537 1147 rupes,
565 1109 701 1147 magno
721 1095 887 1132 veniente
907 1094 1067 1147 fragore,

195 1165 301 1214 Quae
322 1177 410 1207 sese,
438 1163 562 1200 multis
582 1162 721 1200 circum
741 1162 955 1200 latrantibus
975 1163 1094 1210 undis,

192 1230 299 1268 Male
318 1239 416 1268 tenet
436 1229 603 1280 scopuli;
624 1229 872 1279 nequidquam
887 1238 924 1266 et
945 1237 1095 1279 spumea
1106 1230 1246 1269 circum

194 1299 289 1335 Saxa
309 1297 482 1341 fremunt,
503 1296 678 1346 laterique
699 1295 789 1332 illisa
810 1294 1020 1332 refunditur
1039 1295 1134 1347 alga.

192 1365 346 1409 Verum,
368 1365 429 1402 ubi
442 1364 538 1401 nulla
551 1364 660 1401 datur
673 1377 823 1401 caecum
842 1377 1059 1413 exsuperare
1079 1372 1245 1413 potestas

192 1430 410 1476 Consilium,
429 1441 467 1469 et
487 1445 609 1469 saevae
630 1439 722 1469 nutu
741 1430 895 1469 Junonis
915 1439 1004 1467 eunt
1025 1444 1106 1476 res;

192 1498 318 1536 Multa
337 1499 424 1536 deos
443 1511 632 1548 aurasque,
653 1506 771 1548 pater,
791 1506 948 1535 testatus
967 1497 1092 1541 inanis,

193 1567 411 1617 Frangimur
430 1566 501 1603 lieu
520 1568 528 1603 l
563 1564 659 1609 fatis,
680 1566 811 1615 inquit,
833 1564 1054 1615 ferimurque
1069 1564 1241 1615 procella.

191 1633 268 1684 Ipsi
287 1633 351 1670 has
371 1632 549 1684 sacrilego
569 1632 736 1682 pendetis
757 1632 929 1683 sanguine
948 1645 1097 1681 poenas,

190 1700 226 1738 O
246 1699 388 1737 miseri!
423 1699 495 1745 Te,
525 1699 668 1744 Turne,
697 1699 810 1743 nefas,
841 1707 878 1735 te
898 1698 1003 1736 triste
1023 1699 1184 1736 manebit

189 1766 446 1817 Supplicium;
476 1766 645 1816 votisque
665 1765 752 1802 deos
773 1764 986 1802 venerabere
1007 1764 1116 1802 seris:

187 1833 282 1871 Nam
301 1832 389 1870 mihi
409 1842 513 1883 parta
532 1832 647 1883 quies,
667 1833 856 1883 omnisque
883 1832 917 1868 in
937 1831 1059 1868 limine
1079 1840 1239 1882 portus;

190 1901 329 1938 Funere
347 1899 443 1938 felici
463 1899 612 1951 spolior.
671 1899 750 1937 Nec
772 1899 877 1950 plura
895 1898 1041 1936 locutus

190 1968 313 2018 Sepsit
334 1982 370 2006 se
390 1967 511 2012 tectis,
541 1981 731 2018 rerumque
751 1967 896 2018 reliquit
917 1967 1086 2004 habenas.

231 2036 318 2073 Mos
329 2045 406 2072 erat
425 2035 610 2085 Hesperio
625 2035 658 2072 in
676 2035 806 2079 Latio,
819 2048 927 2085 quem
944 2043 1118 2084 protenus
1132 2035 1238 2071 urbes

187 2100 358 2139 Albanae
378 2100 521 2139 coluere
543 2115 696 2144 sacrum,
718 2114 826 2145 nunc,
848 2102 1001 2138 maxima
1021 2116 1153 2146 rerum,

190 2168 309 2205 Roma
323 2167 425 2212 colit,
441 2182 553 2219 quum
568 2168 683 2219 prima
696 2177 842 2205 movent
857 2168 891 2205 in
909 2169 1045 2218 proelia
1062 2167 1238 2216 Martem,

185 2234 270 2294 §ive
293 2234 402 2274 Getis
423 2235 551 2274 inferre
574 2250 679 2274 manu
701 2236 922 2274 lacrimabile
941 2234 1095 2278 bellum,
