1455 2685
190 299 231 335 ν.)
243 296 332 334 299.
504 291 808 332 AENEIDOS
864 293 963 332 VII.
1185 295 1236 335 77

190 406 293 456 Quin
311 405 419 443 etiarn
439 403 553 455 patria
571 417 743 442 excussos
761 403 891 441 infesta
910 417 975 453 per
993 404 1106 441 undas

191 473 300 510 Ausa
321 472 435 522 sequi,
455 481 491 509 et
511 471 679 522 profugis
697 480 780 508 toto
799 485 855 508 me
875 484 1060 520 opponere
1081 481 1212 520 ponto.

190 539 401 576 Absumtae
421 538 456 575 in
477 537 644 576 Teucros
664 537 753 574 vires
772 536 948 587 coelique,
968 539 1157 589 marisque.

191 606 294 655 Quid
316 605 445 655 Syrtes
464 612 526 641 aut
543 604 666 654 Scylla
685 604 785 645 mihi‚
815 605 902 653 quid
921 614 1017 642 vasta
1034 605 1239 655 Charybdis!

191 670 367 709 Profuit?
393 679 522 721 optato
541 671 750 708 conduntur
770 671 975 721 Thybridis
995 671 1108 714 alveo,

193 737 321 776 Securi
341 738 476 789 pelagi,
496 746 606 789 atque
626 738 707 775 mei.
741 737 843 775 Mars
865 738 1012 788 perdere
1033 748 1180 789 gentem

191 805 392 842 Immanem
414 804 618 854 Lapithum
638 804 748 841 valuit
768 819 777 842 :
808 805 986 842 concessit
1010 805 1045 841 in
1067 805 1136 842 iras

192 872 279 922 Ipse
298 872 404 910 defim
423 873 608 922 antiquam
633 871 779 923 genitor
795 870 985 921 Calydona
1002 871 1144 909 Dianae
1164 887 1176 917 ;

191 939 306 989 Quod
335 939 451 977 scelus
479 949 542 976 aut
573 938 752 988 Lapithas
780 948 936 984 tantum,
961 947 1024 977 aut
1051 939 1241 989 Calydona

459 1014 655 1044 merentem
673 1007 686 1044 ἓ

191 1073 271 1111 Ast
286 1087 372 1125 ego,
392 1086 524 1124 magna
538 1073 638 1111 Jovis
653 1075 824 1124 conjunx,
846 1072 894 1110 nil
906 1073 1067 1123 linquere
1079 1073 1243 1111 inausum

187 1140 300 1190 Quae
319 1139 424 1190 potui
445 1139 585 1184 infelix,
606 1153 697 1192 quae
717 1149 848 1176 memet
864 1140 898 1176 in
920 1140 1035 1176 omnia
1059 1141 1162 1185 verti,

191 1206 334 1244 Vincor
352 1206 397 1243 ab
418 1206 563 1244 Aenea.
598 1206 724 1256 Quod,
747 1207 774 1242 si
795 1219 871 1243 mea
892 1207 1038 1243 numina
1060 1221 1129 1244 non
1158 1216 1242 1245 sunt

193 1272 335 1324 Magna
349 1273 449 1319 satis,
467 1272 632 1310 dubitem
644 1272 741 1309 haud
756 1272 924 1322 equidem
937 1272 1129 1323 implorare
1143 1274 1243 1325 quod

460 1353 614 1390 usquam
634 1348 704 1377 est.

195 1405 363 1445 Flectere
383 1406 411 1444 si
430 1420 570 1458 nequeo
591 1420 754 1457 superos,
785 1406 1004 1444 Acheronta
1024 1408 1191 1445 movebo.

195 1472 283 1512 Non
303 1473 450 1510 dabitur
470 1475 605 1525 regnis,
633 1482 726 1516 esto,
749 1474 939 1524 prohibere
963 1474 1121 1518 Latinis,

194 1540 330 1589 Atque
350 1541 501 1577 immota
520 1548 641 1577 manet
660 1539 745 1577 fatis
767 1540 920 1577 Lavinia
939 1543 1095 1591 conjunx
1116 1555 1126 1578 ε

193 1606 255 1643 At
275 1606 416 1644 trahere
444 1616 555 1656 atque
587 1620 705 1643 moras
725 1606 836 1644 tantis
855 1607 941 1644 licet
961 1607 1090 1645 addere
1110 1608 1216 1645 rebus
1234 1624 1247 1656 5

196 1672 259 1711 At
278 1672 364 1711 licet
383 1673 570 1711 amborum
591 1672 748 1723 populos
767 1673 976 1711 exscindere
996 1688 1140 1725 regum.

197 1738 286 1777 Hac
305 1753 417 1791 gener
434 1749 546 1790 atque
565 1753 670 1778 socer
686 1742 817 1778 co’e’ant
837 1741 1002 1778 mercede
1022 1755 1182 1779 suorum.

199 1806 385 1857 Sanguine
404 1806 568 1858 Trojano
587 1816 624 1844 et
648 1807 792 1844 Rutulo
812 1807 1000 1852 dotabere‚
1020 1808 1124 1860 virgo
1142 1823 1153 1854 3

199 1872 253 1910 Et
275 1872 424 1911 Bellona
444 1883 564 1912 manet
585 1884 622 1912 te
643 1875 821 1925 pronuba,
851 1875 932 1913 Nec
954 1874 1033 1913 face
1051 1885 1194 1912 tantum

199 1939 334 1978 Cisse'i's
354 1953 555 1991 praegnans
575 1941 669 1992 ignis
688 1941 793 1978 enixa
807 1941 965 1993 jugalis:

200 2006 301 2056 Quin
321 2007 415 2044 idem
436 2007 569 2044 Veneri
590 2016 715 2058 partus
734 2021 831 2052 suus,
850 2017 887 2045 et
906 2008 1006 2046 Paris
1025 2008 1140 2053 alter;

201 2072 453 2125 Funestaeque
472 2073 602 2112 iterum
622 2075 779 2112 recidiva
798 2076 833 2112 in
856 2075 1033 2126 Pergama
1053 2074 1192 2112 taedae.

253 2139 363 2178 Haec
382 2141 445 2178 ubi
465 2141 564 2179 dicta
583 2141 698 2186 dedit,
726 2150 839 2179 terras
869 2141 1046 2179 horrenda
1066 2141 1220 2191 petivitz

195 2205 423 2253 ,Luctificam
443 2208 598 2247 Allecto
618 2208 775 2247 dirarum
796 2211 841 2247 ab
862 2210 944 2247 sede
965 2223 1131 2247 sororum
