1455 2685
283 322 359 359 180
583 319 884 358 AENEIDOS
941 319 992 355 X.
1187 335 1219 358 v.
1239 323 1327 362 ³745.

285 431 363 469 Olli
384 431 473 468 dura
493 432 594 481 quies
623 431 749 469 oculos
769 440 805 467 et
825 430 962 467 ferreus
983 440 1119 482 urguet

285 498 466 535 Somnus:
498 497 533 533 in
554 506 735 533 aeternam
757 496 978 532 clauduntur
991 495 1124 532 lumina
1145 505 1303 533 noctem.

323 564 503 602 Caedicus
524 563 754 602 Alcathoum
772 563 982 606 obtruncat,
999 563 1169 600 Sacrator
1183 563 1332 614 Hydas-

549 645 618 681 pen
636 646 646 676 ;

282 698 593 748 Partheniumque
610 697 731 746 Rapo,
745 706 795 740 et,
809 697 1026 746 praedurum
1042 697 1331 741 viribus,Orsen;

281 763 476 814 B‘Iessapus
496 763 756 813 Cloniumque,
773 763 1082 813 Lycaoniumque
1101 764 1274 801 Ericeten
1292 779 1303 808 ;

283 830 397 868 Illum
416 830 561 868 infrenis
581 831 665 880 equi
684 831 790 880 lapsu
809 830 938 867 tellure
955 832 1150 881 jacentem,

282 897 401 935 Hunc
416 897 575 947 peditem
592 897 715 946 pedes.
746 897 799 934 Et
814 897 957 946 Lycius
973 906 1196 945 processerat
1210 895 1328 946 Agis:

284 966 406 1013 Quem
425 972 560 1008 tamen,
580 963 676 1000 haud
693 977 836 1013 expers,
856 962 1024 1006 Valerus,
1037 962 1180 999 virtutis
1201 963 1332 1007 avitae,

282 1030 423 1081 Dejicit
442 1045 452 1075 3
482 1040 519 1066 at
539 1029 746 1067 Thronium
769 1028 901 1073 Salius,
931 1028 1141 1078 Saliumque
1163 1029 1330 1074 Nealces,

284 1097 443 1148 Insignis
461 1096 594 1146 jaculo,
615 1106 652 1134 et
671 1096 781 1146 longe
802 1095 948 1132 fallente
970 1096 1117 1147 sagitta.

335 1164 417 1201 Jam
436 1163 555 1214 gravis
573 1163 752 1212 aequabat
771 1161 892 1199 luctus
912 1171 949 1199 et
969 1171 1096 1199 mutua
1116 1162 1265 1200 Mavors

284 1231 428 1268 Funera
446 1245 457 1276 3
485 1230 685 1267 caedebant
705 1229 852 1279 pariter,
881 1229 1090 1279 pariterque
1110 1230 1277 1273 ruebant,

283 1296 455 1334 Victores
475 1297 635 1347 victique
651 1312 660 1334 ε
691 1311 808 1346 neque
822 1296 877 1333 his
889 1295 980 1347 fuga
999 1305 1099 1340 nota,
1119 1310 1234 1346 neque
1249 1295 1329 1334 illis.

282 1363 338 1401 Di
359 1363 459 1400 Jovis
479 1363 514 1399 in
535 1363 644 1400 tectis
663 1363 751 1400 iram
772 1363 986 1400 miserantur
1005 1363 1145 1399 inanem

282 1430 510 1474 Amborum,
530 1439 566 1467 et
585 1438 707 1467 tantos
727 1429 940 1466 mortalibus
959 1444 1035 1466 esse
1054 1429 1194 1467 labores
1213 1444 1222 1466 ε

283 1496 388 1534 Hinc
409 1497 549 1541 Venus,
568 1497 652 1533 hinc
673 1507 799 1533 contra
820 1507 964 1547 spectat
987 1496 1158 1534 Saturnia
1177 1498 1274 1534 Juno
1292 1511 1303 1542 ς

284 1562 425 1600 Pallida
444 1563 648 1612 Tisiphone
668 1563 784 1600 media
803 1563 897 1599 inter
917 1562 1027 1599 millia
1046 1563 1169 1599 saevit.

336 1630 398 1665 At
414 1643 511 1674 vero,
527 1629 714 1680 ingentem
730 1630 912 1680 quatiens,
930 1629 1157 1673 Mezentius,
1177 1629 1331 1672 hastam,

284 1696 475 1734 Turbidus
491 1697 696 1748 ingreditur
708 1711 851 1747 campo.
895 1699 1018 1747 Quam
1032 1711 1184 1748 magnus
1201 1697 1332 1741 Orion,

283 1764 381 1801 Cum
400 1764 510 1813 pedes
531 1763 667 1801 incedit
687 1764 797 1800 medii
818 1778 884 1814 per
902 1763 1058 1800 maxima
1079 1764 1189 1801 Nerei

285 1831 424 1881 Stagna
445 1830 537 1867 viam
558 1831 737 1874 scindens,
766 1830 919 1868 humero
938 1831 1180 1880 supereminet
1201 1831 1330 1876 undas;

283 1898 384 1942 Aut,
415 1897 562 1935 summis
581 1896 738 1934 referens
758 1910 928 1934 annosam
949 1897 1133 1934 montibus
1153 1912 1295 1943 ornum,

285 1965 572 2016 Ingrediturque
593 1964 684 2008 solo,
714 1973 751 2000 et
772 1973 884 2014 caput
905 1964 998 2000 iuter
1018 1965 1141 2001 nubila
1161 1965 1287 2002 condit
1306 1980 1316 2003 :

287 2032 393 2070 Talis
414 2046 450 2069 se
472 2033 579 2069 vastis
598 2031 707 2068 infert
728 2031 937 2069 blezentius
956 2032 1071 2069 armis.

284 2098 390 2137 Huic
411 2108 539 2136 contra
560 2098 721 2142 Aeneas,
749 2097 956 2148 speculatus
976 2098 1010 2134 in
1031 2099 1175 2149 agmine
1203 2099 1330 2151 longo,

285 2165 429 2204 Obvius
449 2166 497 2202 ire
518 2175 634 2215 parat.
692 2164 822 2202 Manet
842 2165 1107 2215 imperterritus
1126 2166 1197 2210 ille,

285 2232 448 2272 Hostem
467 2233 736 2284 magnanimum
756 2233 962 2284 opperiens,
992 2242 1029 2272 et
1045 2233 1138 2272 mole
1159 2247 1222 2272 sua
1242 2243 1330 2284 stat,
