1455 2685
261 325 319 361 32
553 318 852 358 AENEIDOS
907 322 958 359 V.
1162 338 1196 362 v;
1218 328 1311 363 85&

264 433 331 475 Et,
352 445 459 482 super
478 431 697 472 incumbens,
727 446 809 467 cum
830 432 962 482 puppis
982 442 1083 482 parte
1103 435 1253 480 revolsa,

262 503 430 549 Cumque
451 498 684 549 gubernaclo,
713 497 866 546 liquidas
885 500 1039 549 projecit
1058 500 1092 536 in
1114 502 1226 538 undas

260 566 513 616 Praecipitem,
534 579 573 601 ac
595 564 709 600 socios
729 565 972 614 nequidquam
986 580 1091 615 saepe
1104 577 1304 606 vocantem.

261 635 348 684 Ipse
368 633 489 669 volans
508 632 626 667 tenuis
646 644 681 666 se
701 630 848 667 sustulit
867 630 939 668 ales
959 632 1004 668 ad
1027 646 1143 670 auras.

257 700 382 740 Currit
402 700 470 735 iter
488 707 611 734 tutum
630 711 698 733 non
719 697 833 733 secius
853 711 1008 746 aequore
1028 698 1163 744 classis,

261 765 522 814 Promissisque
543 764 655 813 patris
676 763 841 812 Neptuni
860 764 1022 801 interrita
1044 765 1173 802 fertur.

257 835 410 882 Jamque
430 832 518 868 adeo
539 829 707 879 scopulos
728 829 894 866 Sirenum
913 831 1063 867 advecta
1089 832 1247 877 subibat,

224 901 230 910 “
258 898 431 938 Difficilis
451 897 646 947 quondam,
674 895 943 946 multorumque
958 897 1098 934 ossibus
1118 897 1218 936 albos
1236 914 1246 941 ;

256 965 357 1004 Tum
378 977 485 1001 rauca
503 963 644 1000 assiduo
671 962 779 1013 longe
799 962 869 999 sale
890 976 973 999 saxa
992 964 1166 1001 sonabant
1183 979 1193 1002 :

257 1034 383 1082 Quum
404 1039 506 1080 pater
525 1029 653 1066 amisso
672 1028 874 1066 fluitantem
894 1043 1008 1066 errare
1028 1031 1202 1081 magistro

257 1098 389 1140 Sensit,
408 1106 445 1134 et
465 1097 541 1146 ipse
560 1106 672 1132 ratem
694 1096 879 1132 nocturnis
907 1096 1000 1132 rexit
1021 1096 1054 1132 in
1075 1097 1192 1141 undis,

254 1164 379 1203 Multa
398 1176 556 1214 gemens,
584 1175 739 1211 casuque
769 1162 927 1198 animum
947 1175 1144 1199 concussus
1163 1163 1265 1200 amici
1284 1181 1292 1200 :

256 1231 292 1267 O
314 1230 459 1265 nimium
479 1228 581 1265 coelo
601 1237 637 1265 et
657 1228 787 1278 pelago
814 1229 949 1266 confise
970 1243 1093 1266 sereno
1111 1232 1118 1266 !

255 1296 387 1334 Nudus
406 1297 441 1332 in
460 1296 601 1346 ignota,
624 1294 803 1339 Palinure,
826 1295 962 1344 jacebis
982 1308 1085 1332 arena
1102 1297 1108 1329 ἲ

943 2060 985 2098 Ρ.
1017 2061 1287 2099 VIRGILII.
