1455 2685
177 346 212 373 v.
229 334 322 373 548.
485 328 792 369 AENEIDOS
851 328 953 368 XII.
1159 331 1242 369 239

175 444 302 484 Totae
321 444 412 482 adeo
431 457 624 481 conversae
644 443 753 487 acies,
782 455 981 492 omnesque
1003 440 1146 487 Latini,

177 511 320 550 Omnes
341 510 576 549 Dardanidae
595 525 606 555 ς
624 508 860 552 Mnestheus,
876 521 1032 558 acerque
1055 509 1238 554 Serestus,

175 580 230 618 Et
253 579 463 629 Messapus,
491 579 626 628 equum
646 577 822 621 domitor,
851 585 890 613 et
911 576 1019 614 fortis
1040 577 1195 627 Asylas,

175 646 463 696 Tuscorumque
483 644 658 696 phalanx,
687 643 926 694 Evandrique
956 644 1127 682 Arcades
1147 644 1236 684 alae.

175 713 249 751 Pro
270 727 306 751 se
326 713 496 764 quisque,
526 711 591 749 viri
612 725 752 749 summa
772 711 942 749 nituntur
960 725 1074 762 opum
1096 712 1153 750 vi:

174 780 255 819 Nec
276 793 389 825 mora,
418 794 485 818 nec
506 780 648 830 requies
666 795 677 825 ;
707 788 811 821 vasto
832 780 1032 817 certamine
1053 781 1224 820 tendunt.

225 847 306 885 Hie
327 856 484 885 mentem
506 848 657 885 Aeneae
673 847 840 898 genetrix
856 846 1100 897 pulcherrima
1116 849 1227 895 misit,

172 916 251 954 Iret
271 925 314 952 ut
335 915 381 952 ad
402 929 538 960 muros,
568 915 723 965 urbique
743 915 950 952 adverteret
969 929 1098 967 agmen

172 981 305 1027 Ocius,
335 991 372 1019 et
393 982 514 1020 subita
533 983 702 1020 turbaret
722 982 825 1020 clade
848 983 1018 1021 Latinos.

171 1048 255 1094 Ille,
285 1059 341 1093 ut,
371 1049 554 1101 vestigans
575 1049 713 1086 diversa
732 1064 798 1100 per
819 1050 964 1101 agmina
992 1050 1182 1097 Turnum,

172 1116 266 1154 Huc
288 1126 401 1167 atque
421 1117 494 1154 huc
515 1116 610 1154 acies
631 1117 872 1161 circumtulit,
901 1117 1057 1168 adspicit
1079 1119 1206 1156 urbem

172 1183 379 1221 Immunem
398 1183 492 1222 tanti
513 1184 612 1229 belli,
641 1193 754 1235 atquc
775 1189 922 1234 impune
951 1185 1124 1235 quietam.

172 1251 364 1289 Continuo
384 1265 531 1303 pugnae
550 1251 719 1289 accendit
741 1252 884 1304 majoris
903 1252 1024 1304 imago
1040 1268 1050 1290 ε

170 1317 367 1356 Mnesthea
383 1318 671 1370 Sergestumque
682 1329 803 1364 vocat,
813 1319 1019 1370 fortemque
1030 1320 1232 1366 Serestum,

167 1385 373 1432 Ductores,
388 1386 646 1437 tumulumque
659 1386 774 1437 capit,
791 1401 865 1438 quo
881 1396 1003 1424 cetera
1023 1386 1213 1425 Teucrum

169 1451 371 1490 Concurrit
389 1451 517 1505 legio;
546 1467 613 1492 nec
634 1462 752 1499 scuta,
781 1466 845 1492 aut
866 1453 1018 1505 spicula,
1047 1454 1147 1492 densi

168 1520 392 1571 Deponunt.
448 1520 560 1560 Celso
581 1522 722 1559 medius=
743 1530 841 1559 stans
860 1536 997 1574 aggere
1017 1521 1117 1560 fatur
1134 1538 1145 1561 :

168 1587 229 1627 Ne
247 1602 320 1639 qua
339 1588 426 1626 meis
445 1596 526 1626 esto
547 1587 657 1626 dictis
677 1602 778 1625 mora
795 1604 805 1627 :
835 1589 986 1638 Jupiter
1004 1589 1072 1627 hac
1093 1598 1184 1629 stat:

168 1654 254 1693 Neu
274 1654 355 1706 quis
375 1655 424 1693 ob
443 1655 632 1706 inceptum
653 1655 815 1693 subitum
834 1656 922 1693 mihi
942 1656 1087 1708 segnior
1104 1656 1171 1694 ito.

169 1722 314 1759 Urbem
333 1721 456 1767 hodie,
484 1736 649 1761 caussam
670 1722 770 1767 belli,
800 1736 911 1774 regna
930 1723 1009 1774 ipsa
1030 1723 1174 1770 Latini,

166 1788 218 1827 Ni
238 1788 380 1827 frenum
399 1790 565 1841 accipere
593 1799 632 1828 et
653 1791 740 1828 victi
762 1805 889 1842 parere
918 1790 1097 1836 fatentur,

167 1854 320 1902 Eruam,
346 1864 385 1894 et
404 1869 519 1907 aequa
538 1856 616 1895 solo
636 1857 815 1895 fumantia
834 1857 991 1895 culmina
1011 1872 1158 1909 ponam.

167 1922 318 1962 Scilicet
336 1933 562 1976 exspectem,
592 1925 704 1963 libeat
723 1925 811 1963 dum
832 1925 970 1976 proelia
991 1926 1124 1964 Turno

166 1990 306 2028 Nostra
325 1991 416 2041 pati,
445 2005 641 2043 rursusque
662 1992 747 2031 velit
769 2007 986 2030 concurrere
1007 1993 1124 2032 victus
1142 1997 1152 2033 Σ

166 2056 256 2095 Hoc
277 2067 403 2109 caput,
431 2073 454 2096 o
469 2059 587 2098 cives!
621 2061 708 2098 haec
728 2060 817 2098 belli
838 2074 977 2097 summa
1006 2060 1166 2100 nefandi.

166 2123 276 2162 Ferte
296 2124 393 2164 faces
413 2128 573 2178 properi,
601 2127 805 2179 foedusque
824 2128 1006 2179 reposcite
1027 2129 1192 2168 fiammis.

219 2191 377 2231 Dixerat
391 2208 403 2234 2
421 2203 533 2245 atque
544 2195 669 2234 animis
681 2197 819 2247 pariter
833 2197 1056 2234 certantibus
1070 2211 1192 2235 omnes

164 2258 272 2299 Dant
290 2274 444 2300 cuneum
463 2277 474 2309 ;
503 2262 684 2315 densaque
703 2265 749 2302 ad
769 2278 891 2303 muros
910 2264 1007 2304 mole
1021 2264 1202 2304 feruntur.

804 2416 826 2436 b
