1455 2685
240 302 314 354 ωδ
546 300 845 339 AENEmos
901 301 977 339 XI.
1134 317 1168 340 v.
1185 305 1277 344 271.

239 410 351 447 Nunc
370 408 478 447 etiam
498 411 659 449 horribili
674 413 750 450 visu
770 422 938 462 portenta
959 420 1172 462 sequuntur,

239 475 295 514 Et
315 477 401 513 socii
420 477 536 515 amissi
555 478 738 528 petierunt
758 479 903 516 aethera
921 479 1059 529 pennis,

239 542 539 593 Fluminibusque
558 553 747 595 vagantur,
767 559 848 582 aves
865 560 875 590 ;
905 544 975 581 heu
996 545 1073 582 dira
1092 559 1252 582 meorum

240 609 427 660 Supplicia
445 613 453 648 !
485 620 521 647 et
543 611 711 661 scopulos
729 611 925 649 lacrimosis
944 611 1093 649 vocibus
1113 612 1278 662 implent,

237 677 347 715 Haec
367 678 457 715 adeo
475 691 518 714 ex
539 677 601 714 illo
621 678 708 714 mihi
723 680 795 728 jam
817 679 993 728 speranda
1012 678 1159 715 fuerunt

236 746 436 794 Tempore,
455 758 538 782 cum
558 743 654 781 ferro
674 744 844 782 coelestia
863 759 1017 800 corpora
1036 746 1181 782 demens

237 811 411 861 Appetii,
430 819 467 848 et
486 810 639 848 Veneris
657 810 785 847 violavi
805 811 946 848 volnere
966 811 1144 848 dextram.

236 878 297 919 Ne
317 891 413 921 vero,
434 891 478 917 ne
497 890 553 914 me
573 877 617 913 ad
636 877 725 913 tales
745 877 920 926 impellite
939 892 1081 929 pugnas
1097 894 1106 916 ε

236 945 319 982 Nec
340 945 425 981 mihi
444 958 528 981 cum
548 944 703 982 Teucris
722 943 834 980 ullum
854 953 938 993 post
959 954 1063 981 eruta
1080 945 1214 982 bellum

236 1011 416 1062 Pergama
434 1026 444 1056 3
475 1025 540 1048 nec
561 1019 721 1048 veterum
750 1011 893 1047 memini
911 1010 1070 1049 laetorve
1089 1011 1277 1048 malorum·

237 1077 407 1121 Munera,
436 1091 527 1127 quae
546 1077 671 1127 patriis
691 1078 737 1113 ad
756 1091 811 1113 me
831 1078 986 1127 portatis
1005 1079 1049 1114 ab
1069 1079 1154 1122 oris,

236 1144 382 1181 Vertite
400 1143 446 1180 ad
465 1144 632 1181 Aenean.
664 1144 839 1181 Stetimus
858 1143 929 1181 tela
944 1158 1068 1194 aspera
1087 1154 1226 1188 contra,

237 1210 541 1260 Contulimusque
561 1224 710 1249 manus:
740 1219 893 1260 experto
913 1211 1064 1255 credite,
1085 1222 1240 1262 quantus

236 1276 282 1320 In
302 1276 458 1327 clipeum
478 1287 656 1329 assurgat,
677 1291 750 1327 quo
771 1277 915 1314 turbine
935 1287 1104 1327 torqueat
1124 1278 1275 1315 hastam.

237 1344 278 1382 Si
297 1344 371 1385 duo
390 1353 573 1394 praeterea
595 1344 683 1381 tales
706 1345 813 1381 Idaea
833 1344 973 1380 tulisset

235 1410 353 1448 Terra
371 1411 478 1455 viros,
499 1411 594 1448 ultro
617 1411 782 1449 Inachias
801 1411 952 1448 venisset
972 1412 1016 1447 ad
1036 1412 1140 1448 urbes

235 1477 446 1521 Dardanus,
465 1487 502 1514 et
522 1478 628 1514 versis
648 1478 787 1528 lugeret
812 1477 968 1517 Graecia
986 1477 1083 1514 fatis.

235 1543 429 1593 Quidquid
449 1545 546 1594 apud
567 1544 676 1581 durae
695 1554 874 1581 cessatum
893 1555 946 1581 est
966 1544 1104 1581 moenia
1131 1545 1278 1596 Trojac,

235 1610 416 1648 Hectoris
435 1611 658 1660 Aeneaeque
677 1624 782 1647 manu
802 1610 954 1647 victoria
975 1611 1128 1649 Graium

235 1676 383 1720 Haesit,
411 1685 449 1712 et
466 1677 501 1712 in
522 1677 713 1714 decumum
733 1677 887 1727 vestigia
906 1676 1031 1714 retulit
1051 1691 1181 1714 annum
1199 1693 1208 1714 :

235 1744 366 1782 Ambo
386 1742 524 1786 animis,
541 1743 647 1779 ambo
663 1742 819 1793 insignes
834 1744 1098 1792 praestantibus
1117 1744 1250 1789 armis.;

235 1809 316 1848 Hic
330 1809 465 1859 pietate
484 1808 594 1858 prior.
626 1809 770 1847 Coeant
788 1808 823 1845 in
844 1808 989 1845 foedera
1009 1809 1171 1854 dextrae,

236 1878 323 1926 Qua
340 1876 471 1912 datur:
503 1884 571 1919 ast,
590 1875 694 1911 armis
714 1883 930 1912 concurrant
951 1888 1061 1918 arma,
1085 1884 1222 1913 cavete.

290 1943 344 1980 Et
364 1955 531 1992 responsa
551 1941 654 1979 simul
673 1956 764 1992 quae
786 1941 870 1985 sint,
890 1955 950 1978 rex
972 1943 1122 1991 optime,
1143 1944 1237 1993 regis

237 2009 405 2052 Audisti,
425 2017 463 2046 et
484 2022 575 2058 quae
595 2008 640 2045 sit
660 2022 792 2059 magno
812 2008 989 2045 sententia
1009 2008 1118 2045 bello.

289 2077 365 2114 Vix
381 2089 421 2113 ea
439 2075 551 2126 legati
569 2090 578 2120 ;
609 2075 796 2124 variusque
816 2089 881 2124 per
897 2089 960 2111 ora
983 2077 1143 2113 cucurrit

238 2142 474 2183 Ausonidum
493 2142 640 2178 turbata
661 2141 793 2178 fremor
810 2157 819 2179 z
850 2155 929 2186 ceu,
951 2156 1034 2179 saxa
1054 2152 1238 2180 morantur

240 2210 336 2253 Cum
355 2208 498 2259 rapidos
518 2207 641 2253 amnis,
662 2209 703 2246 fit
723 2208 844 2246 clauso
863 2208 1009 2260 gurgite
1029 2223 1202 2263 murmur.
