1455 2685
191 278 272 322 ‘zos
455 281 756 321 AENEmos
813 282 889 321 xi.
1095 298 1125 321 v.
1144 269 1234 324 ευτ’.

186 395 459 445 Adventusque
478 395 604 438 virum,
621 394 858 444 fremitusque
872 393 1027 431 ardescit
1045 407 1235 444 equorum.

239 462 407 511 Jamque,
427 461 522 498 intra
535 464 675 512 jactum
696 461 758 498 teli
778 474 1008 511 progressus,
1028 461 1191 511 uterque

188 527 428 566 substiterat:
447 528 569 565 subito
581 537 778 577 erumpunt
793 527 963 572 clamore,
980 526 1235 578 frementisque

186 595 445 633 Exhortantur
465 608 605 645 equos;
636 593 794 631 fundunt
815 594 921 631 simul
940 594 1101 645 undique
1123 595 1209 640 tela,

186 661 324 700 Crebra
344 663 432 699 nivis
451 661 538 706 ritu,
559 661 775 713 coelumque
794 662 984 699 obtexitur
1004 663 1144 700 umbra.

184 729 373 768 Continuo
392 728 549 765 adversis
568 728 786 778 Tyrrhenus
806 739 844 765 et
868 742 951 766 acer
968 729 1182 774 Aconteus,

184 795 356 840 Connixi,
375 795 563 832 incurrunt
584 795 710 837 hastis,
731 795 912 845 primique
940 795 1078 832 ruinam

183 863 291 900 Dant
311 862 430 899 sonitu
450 861 603 912 ingenti,
619 860 875 910 perfractaque
890 861 1232 912 quadrupedantum

184 930 342 967 Pectora
361 927 573 978 pectoribus
593 935 781 977 rumpunt.
826 927 1016 965 Excussus
1035 929 1233 967 Aconteus

183 996 361 1034 Fulminis
381 996 415 1032 in
435 1008 585 1039 morem,
605 1004 668 1031 aut
688 1002 873 1031 tormento
894 995 1064 1045 ponderis
1082 996 1169 1042 acti,

183 1063 406 1113 Praecipitat
425 1062 550 1113 longe,
577 1071 616 1098 et
635 1061 745 1098 vitam
761 1061 940 1113 dispergit
958 1061 992 1098 in
1013 1076 1133 1101 aura&

183 1129 388 1179 Extemplo
408 1129 576 1166 turbatae
595 1128 703 1173 acies,
723 1129 888 1178 versique
908 1128 1045 1166 Latin'r

185 1196 372 1246 Rejiciunt
392 1209 547 1246 parmas,
566 1204 604 1232 et
622 1209 737 1245 equos
753 1196 798 1232 ad
818 1195 958 1232 moenia
977 1190 1135 1234 vertunt.

181 1262 304 1300 Troes
323 1272 438 1314 agunt
455 1277 464 1300 :
494 1262 664 1312 princeps
683 1271 821 1299 turmas
836 1261 977 1300 inducit
996 1262 1151 1312 Asylas.

181 1331 337 1380 Jamque
357 1329 655 1380 propinquabant
674 1329 805 1378 portis,
824 1343 1021 1379 rursusque
1042 1329 1169 1367 Latini

182 1395 391 1434 Clamorem
410 1395 562 1440 tollunt,
581 1405 619 1433 et
638 1395 759 1433 mollia
778 1396 872 1433 colla
891 1396 1086 1433 reflectunt
1102 1411 1112 1434 ε

182 1462 241 1500 Hi
260 1462 424 1514 fugiunt,
451 1463 670 1512 penitusque
688 1462 783 1499 datis
803 1460 1009 1500 referuntur
1026 1463 1186 1502 habenis.

182 1528 312 1579 Qualis
332 1529 567 1575 ubi,¹alterno
588 1540 804 1579 procurrens
824 1529 989 1580 gurgite,
1009 1538 1158 1580 pontus‘

180 1595 294 1633 Nunc
314 1595 387 1632 ruit
407 1595 453 1632 ad
471 1605 600 1640 terras,
621 1596 867 1647 scopulosque
883 1596 1081 1647 superjacit
1102 1596 1233 1633 undam

183 1663 378 1712 Spumeus,
399 1671 671 1713 extremamque
691 1663 771 1700 sinu
790 1662 978 1713 perfundit
998 1676 1138 1700 arenam
1156 1678 1167 1708 ;

181 1728 293 1766 Nunc
313 1728 460 1778 rapidus
480 1737 593 1772 retro,
613 1738 724 1779 atque
744 1738 846 1766 aestu
863 1729 1028 1767 revoluta
1047 1730 1234 1767 resorbens

184 1796 294 1839 Saxa,
315 1794 427 1845 fugit,
447 1794 625 1845 littusque
646 1795 736 1832 vado
756 1795 900 1832 labente
919 1795 1104 1845 relinquit.

184 1861 248 1899 Bis
267 1861 385 1899 Tusci
409 1861 569 1898 Rutulos
589 1875 698 1913 egere
717 1862 763 1899 ad
782 1862 922 1899 moenia
942 1875 1060 1899 versos
1076 1878 1087 1907 3

183 1928 247 1965 Bis
267 1928 402 1979 rejecti,
425 1928 544 1972 armis,
565 1938 788 1978 respectant,
808 1938 913 1980 terga
933 1937 1113 1979 tegentes.

234 1994 366 2032 Tertia
385 1995 447 2031 sed
466 2003 662 2045 postquam
677 1994 860 2046 congressi
880 1994 914 2031 in
937 1994 1073 2044 proelia
1092 2003 1190 2032 totas

182 2060 399 2111 Implicuere
419 2061 512 2098 inter
531 2075 567 2098 se
588 2061 695 2106 acies,
715 2060 879 2112 legitque
898 2061 1013 2097 virum
1034 2060 1110 2106 vir3

183 2128 285 2167 Tum
295 2143 379 2166 vero
391 2137 426 2166 ct
441 2128 600 2179 gemitus
612 2126 846 2171 morientum,
866 2137 903 2165 et
920 2128 1143 2179 sanguinein
1157 2128 1245 2166 alto¹

181 2197 388 2245 Armaque,
408 2208 647 2245 corporaque,
666 2204 718 2241 et,
733 2194 904 2245 permixti
925 2194 1033 2233 caede
1045 2196 1229 2240 virorums
