1455 2685
171 295 206 321 v.
224 254 312 321 io2.
488 280 790 320 AENEIDos
846 282 897 319 v.
1200 286 1226 321 5

173 393 314 433 Ordine
333 394 421 431 aena
439 391 562 430 locant
581 393 652 438 alii,
680 392 826 444 fusique
845 406 911 442 per
929 392 1079 447 herbam

176 460 383 511 Subjiciunt
399 459 542 496 veribus
562 473 708 509 prunas,
736 470 773 496 et
794 459 930 496 viscera
949 469 1101 499 torrent.

227 526 458 576 Exspectata
476 527 551 563 dies
570 526 708 569 aderat,
730 539 931 575 nonamque
952 540 1074 563 serena

173 594 359 631 Auroram
383 592 624 631 Phaethontis
644 593 728 642 equi
745 595 816 643 jam
836 591 917 629 lnce
938 593 1114 632 vehebant
1132 610 1144 640 ;

174 660 358 710 Famaque
378 659 563 702 finitimos,
584 667 621 696 et
641 658 727 695 clari
753 672 878 695 nomeu
901 659 1065 697 Acestae

173 726 374 764 Excierat:
404 725 500 762 laeto
520 725 744 775 complerant
764 724 890 761 littora
909 734 1033 770 coetu,

172 794 296 832 Visuri
315 793 510 831 Aeneadas
528 808 538 838 3
570 804 652 842 pars
671 802 708 828 et
728 802 866 828 certare
886 793 1018 841 parati.

171 860 329 899 Munera
348 859 528 911 principio
547 868 630 896 ante
649 858 776 895 oculos
798 859 970 909 circoque
989 859 1158 898 locantur

172 928 217 965 In
235 927 354 964 medio
373 943 384 973 3
414 927 505 964 sacri
526 925 703 976 tripodes,
728 925 929 975 viridesque
948 939 1116 969 coronae,

169 994 226 1032 Et
246 993 399 1044 palmae,
417 992 576 1044 pretinm
595 991 810 1035 victoribus,
829 993 1013 1042 armaque,
1033 1002 1071 1030 et
1090 1003 1191 1031 ostro

170 1059 343 1099 Perfusae
363 1069 492 1104 vestes,
511 1059 654 1111 argenti
675 1059 823 1108 aurique
843 1057 979 1095 talenta
997 1074 1007 1096 :

171 1128 224 1166 Et
244 1128 334 1165 tuba
353 1127 565 1164 commissos
587 1126 705 1163 medio
725 1126 821 1163 canit
842 1139 978 1177 aggere
997 1126 1114 1175 ludos·

223 1194 344 1232 Prima
361 1207 465 1244 pares
484 1193 609 1230 ineunt
630 1192 799 1243 gravibus
819 1193 1016 1230 certamina
1036 1195 1142 1232 remis

170 1261 344 1310 Quatuor
362 1274 406 1296 ex
427 1258 524 1297 omni
545 1259 705 1296 delectae
726 1257 838 1295 classe
858 1258 1010 1296 carinae.

167 1326 345 1364 Velocem
367 1326 584 1364 Mnestheus
602 1326 683 1377 agit
702 1325 774 1362 acri
795 1325 931 1375 remige
952 1325 1101 1369 Pristin,

168 1392 264 1430 Mox
279 1391 396 1432 Italus
410 1392 763 1443 Mnestheus‚gen11s
776 1404 795 1426 a
808 1405 879 1441 quo
896 1391 1037 1428 nomine
1051 1392 1220 1440 Memmi;

170 1460 438 1512 Ingentemque
459 1460 563 1510 Gyas
583 1459 723 1510 ingenti
743 1458 837 1494 mole
859 1458 1101 1504 Chimaeram,

169 1526 284 1564 Urbis
304 1539 411 1576 opus,
432 1525 566 1576 triplici
588 1526 702 1577 pubes
723 1538 832 1575 quam
853 1525 1028 1561 Dardana
1047 1540 1149 1564 versu

170 1591 384 1642 Impellunt,
412 1601 516 1629 terno
536 1601 764 1643 consurgunt
784 1591 910 1628 ordine
929 1593 1016 1629 remi
1035 1608 1046 1637 3

170 1660 451 1710 Sergestusque,
480 1659 609 1696 domus
628 1668 728 1696 tenet
749 1673 769 1695 a
787 1673 861 1708 quo
885 1660 1013 1710 Sergia
1034 1674 1178 1706 nomen,

167 1727 352 1765 Centauro
368 1725 555 1763 invehitur
573 1717 704 1777 magna
722 1741 733 1772 3
767 1725 962 1776 Scyllaque
988 1726 1193 1767 Cloanthus

167 1791 357 1837 Caerulea,
376 1806 492 1843 genus
513 1792 608 1830 unde
628 1793 711 1839 tibi,
744 1793 909 1831 Romane
931 1792 1093 1832 Cluenti.

221 1858 292 1896 Est
313 1859 443 1909 procul
462 1859 497 1896 in
519 1859 652 1911 pelago
672 1874 810 1904 saxum,
831 1860 1034 1911 spumantia
1054 1871 1181 1899 contra

168 1924 331 1970 Littora,
361 1926 460 1976 quod
479 1927 627 1964 tumidis
648 1928 872 1964 submersum
893 1928 1061 1965 tunditur
1079 1929 1166 1966 olim

167 1992 374 2037 Fluctibus,
395 1993 534 2030 hiberni
555 1995 719 2032 condunt
749 1994 810 2033 ubi
830 1993 946 2031 sidera
962 1995 1053 2033 Cori
1072 2012 1081 2034 :

165 2058 382 2110 Tranquillo
403 2059 496 2104 silet,
525 2060 748 2111 immotaque
769 2061 949 2099 attollitur
970 2063 1064 2099 unda

163 2126 340 2176 Campus,
358 2135 396 2163 et
417 2126 546 2177 apricis
565 2128 675 2164 statio
690 2128 892 2179 gratissima
911 2129 1056 2180 mergis.

165 2191 244 2231 Hic
266 2192 414 2232 viridem
434 2195 582 2234 Aeneas
610 2194 793 2233 frondenti
813 2209 858 2233 ex
879 2195 958 2233 ilice
978 2206 1108 2234 metam
