1455 2685
155 311 185 338 Va
205 303 294 340 488.
484 299 785 338 AENEIDOS
844 302 896 339 X.·
1134 306 1208 341 169

149 409 244 448 Mox
264 410 345 448 illos
365 424 427 448 sua
445 411 519 448 fata
539 420 683 448 manent
703 414 836 462 majore
857 413 923 449 sub
945 413 1062 452 hoste.

204 479 348 514 Interea
367 491 468 514 soror
487 478 580 514 alma
600 489 722 514 monet
743 491 953 515 succurrere
975 479 1101 517 Lauso

146 543 330 589 Turnum,
360 545 423 594 qui
443 544 580 581 volucri
599 558 706 581 curru
726 545 883 582 medium
904 554 1002 582 secat
1022 559 1164 597 agmen.

147 610 205 647 Ut
227 611 315 647 vidit
335 611 475 648 socios:
503 610 670 660 Tempus
691 610 860 647 desistere
882 626 1024 662 pugnae
1041 628 1053 658 ;

147 675 255 712 Solus
272 690 344 727 ego
364 676 398 712 in
421 676 585 714 Pallanta
606 676 703 714 feror
721 693 731 722 ;
762 676 827 714 soli
848 677 935 714 mihi
952 678 1068 715 Pallas

144 740 316 779 Debetur
334 757 344 780 :
373 756 543 792 cuperem
563 744 639 793 ipse
659 758 786 794 parens
807 753 993 794 spectator
1011 745 1163 782 adesset.

144 808 251 845 Haec
271 809 348 852 ait;
376 818 413 846 et
433 810 521 846 socii
539 820 721 848 cesserunt
741 824 898 861 aequore
912 812 1025 861 jusso.

141 875 217 918 At,
249 875 428 913 Rutulam
447 876 629 922 abscessu,
644 876 785 928 juvenis
804 886 898 920 tum,
918 878 1016 928 jussa
1036 878 1191 926 superba

142 941 315 986 Miratus,
335 950 460 991 stupet
478 941 513 978 in
535 943 680 988 Turno,
700 955 904 992 corpusque
924 957 990 992 per
1012 943 1137 994 ingens

141 1006 301 1043 Lumina
321 1006 444 1051 volvit,
473 1007 623 1057 obitque
643 1008 737 1044 truci
757 1009 888 1057 procul
907 1008 1025 1045 omnia
1044 1010 1120 1046 visu
1138 1024 1150 1053 ;

139 1073 294 1111 Talibus
313 1083 350 1111 et
370 1074 476 1111 dictis
496 1073 524 1110 it
543 1084 671 1110 eontra
691 1074 789 1111 dicta
809 1076 953 1125 tyranni
970 1091 981 1113 :

140 1142 226 1178 Aut
246 1141 368 1191 spoliis
388 1155 459 1192 ego
474 1142 548 1191 jam
569 1141 680 1190 raptis
700 1140 875 1178 laudabor
894 1142 1039 1192 opimis,

140 1206 226 1243 Aut
246 1206 321 1243 leto
341 1206 484 1258 insigni.
527 1206 626 1243 Sorti
647 1214 752 1255 pater
770 1221 904 1256 aequus
926 1208 1070 1258 utrique
1089 1222 1162 1247 est.v

139 1272 249 1310 Tolle
270 1274 395 1311 minas.
427 1274 555 1317 Fatus,
576 1273 733 1310 medium
753 1274 922 1322 procedit
942 1274 975 1310 in
998 1289 1156 1324 aequor:

140 1341 310 1392 Frigidus
331 1340 542 1378 Arcadibus
562 1343 639 1376 coi't
661 1340 694 1375 in
715 1340 925 1389 praecordia
946 1342 1105 1392 sanguis.

138 1407 301 1444 Desiluit
321 1406 471 1444 Turnus
491 1406 648 1457 bijugis;
670 1407 779 1456 pedes
800 1416 951 1457 apparat
976 1407 1026 1444 ire

138 1474 362 1513 Comminus.
394 1474 525 1523 thue
544 1473 612 1517 leo,
634 1473 779 1523 specula
798 1487 881 1510 cum
903 1474 991 1512 vidit
1007 1474 1051 1511 ab
1072 1466 1146 1512 alta

140 1541 245 1593 Stare
260 1540 390 1590 procul
405 1540 541 1590 campis
557 1540 789 1576 meditantem
805 1540 838 1576 in
853 1540 988 1590 proelia
1002 1550 1160 1586 taurum,

139 1606 303 1645 Advolat
321 1622 333 1652 ;
363 1607 460 1643 haud
479 1606 547 1643 alia
566 1615 621 1643 est
641 1605 761 1642 Turni
782 1607 954 1643 venientis
975 1607 1110 1658 imago.

193 1673 308 1710 Hunc
330 1673 391 1710 ubi
410 1674 626 1724 contiguum
640 1673 764 1710 missae
781 1674 857 1709 fore
872 1673 1026 1710 credidit
1046 1674 1185 1719 hastae,

138 1741 198 1777 Ire
217 1739 317 1790 prior
336 1738 468 1791 l³allas,
489 1740 517 1776 si
537 1753 608 1789 qua
629 1739 702 1776 fors
722 1740 866 1790 adjuvet
885 1753 1013 1777 ausum

136 1806 286 1844 Viribus
298 1806 515 1856 imparibus;
532 1820 775 1857 magnumque
788 1806 838 1843 ita
851 1807 896 1843 ad
910 1807 1054 1844 aethera
1068 1806 1183 1844 fatur:

137 1873 208 1910 Per
227 1873 338 1924 patris
357 1872 570 1923 hospitium,
590 1882 627 1910 et
643 1887 781 1910 mensas
798 1887 886 1923 quas
906 1873 1042 1910 advena
1062 1873 1184 1917 adisti,

137 1938 196 1975 Te
216 1953 358 1988 precor,
377 1939 529 1984 Alcide,
550 1940 691 1990 coeptis
711 1940 921 1992 ingentibus
941 1940 1032 1976 adsis
1051 1955 1061 1977 τ

135 2008 271 2045 Cernat
292 2007 457 2044 semineci
479 2007 544 2044 sibi
566 2021 621 2044 me
642 2021 764 2057 rapere
784 2020 880 2043 arma
899 2016 1047 2044 cruenta
1064 2023 1076 2052 ;

136 2074 398 2124 Victoremque
418 2073 534 2111 ferant
557 2074 744 2111 morientia
758 2073 894 2110 lumina
914 2074 1048 2111 Turni.

138 2140 275 2177 Audiit
297 2139 452 2177 Alcides
467 2143 648 2192 juvenem,
669 2155 915 2192 magnumque
935 2141 1002 2177 sub
1023 2140 1094 2176 imo

136 2206 259 2245 Corde
280 2206 410 2256 premit
431 2208 623 2258 gemitum,
650 2208 885 2258 lacrimasque
904 2206 1033 2244 effudit
1055 2207 1185 2244 inaneS.

191 2272 308 2310 Tou.
345 2273 399 2309 [l.
677 2275 710 2309 Y
