1455 2685
258 387 309 424 34
552 385 852 424 AENEIDOS
909 386 982 425 VI.
1191 402 1224 425 v.
1245 391 1307 428 19.

261 495 469 547 Remigium
489 495 636 539 alarum,
666 497 859 547 posuitque
879 496 1044 534 immania
1063 497 1212 548 templa.

261 563 304 600 In
326 563 464 600 foribus
485 562 597 599 letum
619 562 812 614 Androgei
831 578 840 600 ε
871 572 949 600 tum
969 564 1125 614 pendere
1144 579 1278 615 poenas

259 630 484 679 Cecropidae
499 629 600 681 jussi,
620 628 811 666 miserum!
845 639 992 680 septena
1012 641 1103 680 quot
1125 632 1224 668 annis

257 698 423 747 Corpora
442 705 630 733 natorum:
661 704 733 733 stat
753 696 871 733 ductis
891 696 1046 734 sortibus
1067 711 1168 735 urna.

257 765 411 807 Contra,
439 762 531 800 elata
550 762 651 806 mari,
679 762 872 813 respondet
901 763 1043 801 Gnosia
1061 763 1192 801 tellus:

256 831 335 869 Hic
356 830 510 868 crudelis
530 843 630 866 amor
649 828 757 873 tauri,
786 838 1035 879 suppostaque
1054 829 1155 867 furto

254 898 447 947 Pasiphae,
476 897 703 945 mixtumque
723 909 852 946 genus,
874 895 1065 946 prolesque
1084 896 1261 940 biformis,

255 963 486 1003 Minotaurus
505 963 610 1006 inest,
631 962 782 1000 Veneris
802 972 1034 999 monumenta
1053 962 1225 1000 nefandae
1243 979 1252 1001 ε

253 1030 333 1068 Hic
352 1030 455 1067 labor
472 1028 531 1066 ille
550 1028 691 1072 domus,
719 1037 756 1066 et
775 1028 1030 1066 inextricabilis
1049 1043 1162 1067 error.

249 1097 433 1149 Magnum
454 1096 597 1147 reginae
616 1095 679 1133 sed
698 1096 792 1132 enim
807 1095 995 1140 miseratus
1015 1109 1173 1134 amorem

246 1164 447 1208 Daedalus,
466 1162 543 1212 ipse
561 1161 664 1199 dolos
683 1161 773 1199 tecti
792 1163 1035 1213 ambagesque
1055 1161 1214 1207 resolvit,

249 1231 369 1270 Caeca
389 1243 515 1281 regens
534 1228 780 1280 filovestigia.
811 1228 876 1265 Tu
895 1242 1043 1278 quoque
1061 1242 1230 1279 magnam

248 1299 394 1337 Partem
414 1310 524 1346 opere
539 1295 573 1332 in
590 1304 707 1339 tanto,
721 1295 851 1332 sineret
865 1294 981 1339 dolor,
998 1295 1115 1340 Icare,
1131 1295 1293 1334 haberes.

246 1364 310 1403 Bis
330 1372 483 1401 conatus
501 1371 577 1399 erat
596 1376 699 1399 casus
726 1360 898 1412 effingere
916 1361 951 1398 in
971 1375 1078 1400 auro:

246 1431 309 1469 Bis
329 1430 466 1481 patriae
485 1428 646 1466 cecidere
664 1442 802 1465 manus.
833 1428 934 1478 Quin
954 1437 1127 1478 protenus
1147 1430 1265 1467 omnia

243 1497 480 1548 Perlegerent
498 1494 613 1532 oeulis
631 1510 642 1540 ;
672 1494 706 1531 ni
721 1497 797 1546 jam
816 1496 1030 1545 praemissus
1049 1496 1220 1535 Achates

242 1563 409 1606 Afforet‚
437 1570 546 1611 atque
567 1574 637 1597 una
657 1561 798 1598 Phoebi
818 1560 1037 1613 Triviaeque
1057 1565 1238 1610 sacerdos,

239 1628 442 1678 Deiphobe
460 1627 595 1666 Glauci
612 1642 622 1671 ς
652 1626 750 1664 fatur
769 1641 860 1678 quae
878 1626 966 1665 talia
983 1629 1061 1680 regi
1076 1644 1087 1667 ι

239 1697 325 1741 Non
346 1695 417 1732 hoc
435 1693 504 1731 ista
523 1693 591 1730 sibi
609 1702 753 1744 tempus
772 1694 980 1744 spectacula
999 1696 1132 1745 poscit.

237 1763 348 1802 Nunc
369 1775 482 1813 grege
503 1761 548 1797 de
564 1759 704 1797 intacto
724 1770 864 1810 septem
883 1770 1038 1799 mactare
1052 1765 1228 1813 juvencos

237 1828 478 1872 Praestiterit,
505 1826 660 1865 totidem
679 1826 806 1871 lectas,
836 1828 881 1864 de
899 1842 1012 1873 more,
1040 1829 1209 1868 bidentis.

286 1895 440 1934 Talibus
458 1894 567 1932 affata
585 1894 756 1938 Aenean,
780 1895 794 1946 (
802 1909 865 1932 nce
885 1908 982 1932 sacra
1003 1906 1189 1934 morantur

232 1964 255 2002 J
258 1976 338 2001 ussa
356 1960 442 2013 viri)
467 1961 636 1998 Teucros
655 1970 763 1999 vocat
783 1960 855 1998 alta
872 1962 905 1998 in
925 1961 1063 2012 templa
1081 1964 1260 2002 sacerdos.

232 2029 410 2067 Excisum
432 2027 620 2064 Eubo'i'cae
639 2026 734 2063 latus
762 2027 888 2078 iugens
907 2029 1007 2078 rupis
1026 2029 1061 2065 in
1081 2038 1223 2067 antrum
1240 2045 1251 2070 z

230 2097 318 2146 Quo
336 2094 400 2131 lati
419 2093 559 2131 ducunt
578 2093 698 2130 aditus
717 2103 880 2138 centum,
907 2094 1000 2131 ostia
1019 2105 1165 2133 centum
1181 2112 1191 2141 ;

229 2162 342 2201 Unde
361 2169 470 2197 ruunt
490 2160 645 2197 totidem
664 2174 782 2204 voceS,
812 2174 981 2210 responsa
1003 2161 1176 2212 Sibyllae.

229 2229 393 2266 Ventum
412 2237 488 2264 erat
507 2227 554 2263 ad
570 2226 693 2272 limen,
714 2241 826 2277 quum
847 2227 964 2278 virgo,
987 2227 1142 2266 Poscere
1161 2228 1236 2266 fata

230 2293 410 2345 TempuS,
428 2293 480 2331 ait
496 2307 505 2331 z
537 2293 640 2339 deus,
660 2307 745 2333 ecce
761 2296 768 2332 !
801 2295 903 2332 deus.
933 2293 1020 2340 Cui,
1049 2294 1135 2334 talia
1156 2294 1247 2333 fanti
