1455 2685
222 329 273 366 98
502 326 802 367 AENEIDOS
857 328 980 367 VIII.
1150 344 1185 367 v.
1202 331 1266 370 47.

224 440 285 478 Ex
307 454 381 490 quo
400 449 456 478 ter
474 440 573 478 denis
592 442 718 478 urbem
738 440 974 478 redeuntibus
994 440 1094 478 annis

221 506 405 545 Ascanius
424 507 509 544 clari
529 508 662 545 condet
681 507 907 559 cognominis
925 507 1080 545 Albam.

224 574 341 612 Haud
352 575 487 612 incerta
501 588 604 611 cano.
633 574 758 617 Nunc,
778 588 850 624 qua
862 574 1013 619 ratione,
1029 574 1131 625 quod
1141 573 1266 620 instat,

221 641 406 691 Expedias
426 643 556 684 victor,
576 640 713 690 paucis,
732 641 1080 684 adverte‚,docebo.

219 708 388 745 Arcades
407 707 462 744 his
481 707 563 751 oris,
594 721 707 757 genus
727 719 747 743 a
767 706 930 744 Pallante
949 706 1173 757 profectum,

218 775 295 825 Qui
315 788 437 825 regem
459 773 669 811 Evandrum
689 773 854 817 comites,
886 774 947 825 qui
967 774 1070 826 signa
1090 774 1219 819 secuti,

217 841 402 892 Delegere
422 840 557 884 locum,
577 850 613 877 et
634 853 786 890 posuere
806 840 841 876 in
862 840 1048 878 montibus
1068 841 1210 886 urbem,

217 908 391 946 Pallantis
410 908 532 958 proavi
553 908 598 944 de
618 906 760 944 nomine
780 906 1020 944 Pallanteum.

216 975 271 1014 Hi
291 975 425 1013 bellum
445 974 585 1012 assidue
604 974 744 1010 ducunt
765 987 849 1010 curn
869 982 979 1024 gente
1000 974 1161 1012 Latina:

161 1034 174 1039 „
214 1043 303 1081 Hos
322 1042 446 1080 castris
464 1040 594 1078 adhibe
615 1041 744 1085 socios,
775 1049 812 1077 et
838 1040 985 1078 foedera
999 1043 1127 1093 junge.

213 1110 299 1159 Ipse
319 1123 389 1160 ego
409 1117 446 1145 te
465 1107 551 1157 ripis
570 1116 608 1144 et
627 1116 728 1144 recto
748 1107 894 1144 flumine
913 1107 1058 1153 ducam,

211 1177 423 1215 Adversum
445 1174 548 1212 remis
568 1187 712 1223 superes
728 1173 921 1211 subvectus
941 1183 982 1212 ut
1002 1189 1154 1212 amnem.

213 1244 333 1294 Surge
352 1256 433 1293 age,
463 1250 545 1278 nate
565 1241 632 1277 dea
648 1255 658 1285 ;
688 1240 886 1291 primisque
901 1241 1114 1279 cadentibus
1133 1242 1238 1280 astris

210 1310 345 1349 Junoni
365 1308 421 1346 fer
437 1308 507 1345 rite
527 1321 665 1357 preces,
694 1307 857 1357 iramque
876 1308 1063 1357 minasque

212 1375 448 1426 Supplicibus
468 1387 597 1424 supera
615 1373 721 1410 votis.
753 1373 851 1411 Mihi
871 1374 987 1412 victor
1006 1375 1182 1412 honorem

208 1441 409 1481 Persolves.
441 1441 529 1492 Ego
549 1454 641 1483 sum,
661 1439 770 1490 pleno
789 1454 896 1490 quem
926 1441 1072 1477 flumine
1091 1440 1206 1478 cernis

210 1509 459 1559 Stringentem
479 1507 589 1557 ripas,
608 1516 646 1544 et
665 1506 816 1557 pinguia
834 1506 935 1544 culta
955 1515 1151 1552 secantem,

208 1575 405 1614 Caeruleus
425 1574 605 1623 Thybris,
625 1572 728 1611 coelo
749 1573 975 1625 gratissimus
993 1574 1118 1611 amnis.

210 1641 288 1680 Hic
309 1641 396 1678 mihi
416 1654 548 1691 magna
568 1641 696 1677 domus
716 1655 725 1678 :
749 1639 851 1677 celsis
871 1649 982 1690 caput
1003 1640 1154 1678 urbibus
1168 1641 1258 1679 exit.

260 1708 386 1751 Dixit,
406 1707 535 1744 deinde
554 1707 635 1744 lacu
653 1707 801 1744 Fluvius
822 1720 858 1744 se
873 1707 1041 1744 condidit
1063 1706 1152 1751 alto,

208 1776 289 1813 Ima
307 1783 447 1825 petens.
478 1774 567 1812 Nox
590 1775 757 1818 Aenean,
778 1787 996 1823 somnusque
1016 1772 1176 1824 reliquit.

210 1842 354 1893 Surgit,
374 1851 426 1884 et,
445 1840 594 1877 aetherii
615 1850 781 1893 spectans
800 1840 951 1877 orientia
971 1839 1055 1877 solis

208 1907 382 1950 Lumina,
412 1907 478 1944 rite
499 1907 594 1944 cavis
614 1907 746 1944 undam
766 1907 809 1944 de
831 1906 976 1943 flumine
995 1905 1122 1956 palmis

212 1973 384 2017 Sustulit,
403 1987 444 2011 ac
464 1973 546 2011 talis
565 1973 718 2011 effundit
738 1974 783 2011 ad
801 1973 948 2010 aethera
967 1986 1073 2010 voces
1092 1987 1101 2009 :
1170 1974 1260 2022 [est,

207 2041 417 2092 Nymphae,
427 2041 632 2078 Laurentes
639 2040 849 2091 Nymphae,
861 2052 976 2091 genus
988 2039 1151 2077 amnibus
1164 2040 1259 2077 unde

208 2108 358 2158 Tuque,
371 2122 393 2144 o
409 2107 558 2158 Thybri
573 2117 639 2144 tuo
652 2107 798 2158 genitor
812 2121 895 2144 cum
912 2107 1058 2144 flumine
1073 2116 1200 2144 sancto
1219 2110 1228 2145 !

207 2174 387 2224 Accipite
407 2173 578 2217 Aenean,
598 2182 634 2211 et
655 2174 801 2211 tandem
820 2183 939 2211 arcete
960 2173 1116 2224 periclis.
1167 2177 1259 2225 [tra‚

208 2243 296 2291 Quo
315 2250 352 2281 te
371 2255 528 2292 cumque
547 2240 659 2287 laem,
681 2242 908 2280 miserantem
928 2241 1160 2279 incommoda
1178 2254 1260 2278 nos-
