1455 2685
196 322 230 348 v.
249 309 339 346 214.
524 304 828 344 AENEIDOS
886 305 937 342 V.
1230 308 1255 343 9
1287 323 1291 328 ¹

195 421 268 460 Cui
287 421 416 458 domus
434 427 472 456 et
491 418 614 456 dulces
633 418 817 455 latebroso
834 417 869 454 in
891 417 1036 467 pumice
1055 417 1144 461 nidi,

195 488 330 526 Fertur
349 488 384 524 in
405 500 488 524 arva
507 486 642 529 volans,
662 485 904 536 plausumque
924 484 1099 521 exterrita
1125 482 1252 533 pennis

194 555 277 592 Dat
296 563 398 592 tecto
418 553 605 604 ingentem
623 567 634 597 ;
665 565 765 596 mox,
796 554 877 589 aere
897 550 998 601 lapsa
1018 551 1159 601 quieto,

196 621 311 658 Radit
331 620 401 658 iter
419 619 613 670 liquidum,
632 617 758 656 celeris
779 631 895 668 neque
915 626 1123 655 commovet
1146 617 1219 653 alas
1237 631 1248 654 τ

197 686 259 724 Sic
281 686 516 730 Mnestheus,
547 685 597 722 sic
617 684 697 734 ipsa
716 684 807 736 fuga
827 694 926 721 secat
946 683 1224 721 ultima-Pristis

191 754 377 804 Aequora
395 769 407 799 ς
435 753 487 790 sie
507 751 604 789 illam
626 751 699 789 fert
718 751 878 801 impetus
898 751 975 801 ipse
996 751 1194 787 volantem.

194 819 249 858 Et
268 819 426 870 primum
444 820 480 870 in
502 818 655 869 scopulo
676 818 878 856 luctantem
900 819 1033 855 deserit
1053 817 1129 854 alto

195 887 424 938 Sergestum,
437 887 682 936 brevibusque
703 886 816 930 vadis,
833 885 1041 935 frustraque
1060 892 1251 921 vocantem

192 953 361 1008 Auxilia,
380 962 418 990 et
437 952 563 990 fractis
582 953 782 990 discentem
804 967 949 989 currere
968 952 1086 990 remis.

160 1067 163 1070 Α
193 1021 286 1059 Inde
308 1022 433 1071 Gyan,
453 1021 642 1071 ipsamque
661 1019 804 1071 ingenti
822 1019 918 1057 mole
939 1019 1182 1062 Chimaeram,

193 1088 446 1138 Consequitur
462 1103 471 1126 ς
495 1088 608 1132 cedit,
626 1088 796 1138 quoniam
818 1087 972 1137 spoliata
991 1086 1168 1137 magistro
1180 1093 1249 1122 est.

195 1154 304 1192 Solus
318 1157 465 1206 jamque
486 1155 565 1204 ipso
587 1164 750 1204 superest
771 1155 807 1191 in
827 1155 898 1191 fine
919 1153 1125 1192 Cloanthus
1144 1167 1153 1191 ε

193 1222 317 1272 Quem
337 1222 444 1272 petit,
465 1229 516 1265 et,
537 1220 683 1258 summis
704 1220 855 1257 adnixus
871 1220 1021 1263 viribus,
1043 1229 1192 1271 urguet.

192 1288 295 1326 Tum
316 1302 400 1325 vero
421 1288 622 1338 ingeminat
642 1287 792 1331 clamor,
817 1287 1016 1337 cunctique
1036 1295 1248 1337 sequentem

193 1355 379 1406 Instigant
400 1354 542 1398 studiis,
563 1363 781 1404 resonatque
798 1353 1007 1405 fragoribus
1029 1354 1166 1392 aether.

193 1421 457 1472 Hi,proprium
470 1422 582 1458 decus
597 1430 634 1458 et
651 1421 1248 1473 partum‚indignantur‚honorem

192 1488 244 1527 Ni
264 1497 411 1526 teneant
429 1504 440 1533 ;
471 1488 655 1538 vitamque
675 1487 803 1525 volunt
823 1502 890 1538 pro
910 1488 1018 1525 laude
1043 1488 1190 1537 pacisci.

193 1556 281 1594 Hos
301 1569 489 1592 successus
509 1554 573 1592 alit
591 1570 600 1592 ε
633 1564 800 1604 possunt,
832 1555 917 1605 quia
937 1569 1042 1605 posse
1063 1556 1244 1593 videntur.

192 1622 247 1660 Et
268 1621 342 1659 fors
363 1621 526 1672 aequatis
547 1621 727 1671 cepissent
748 1621 907 1672 praemia
927 1622 1053 1659 rostris
1070 1639 1080 1668 ;

192 1688 257 1733 Ni,
278 1687 415 1739 palmas
434 1697 552 1738 ponto
571 1688 723 1725 tendens
744 1698 932 1739 utrasque,
954 1689 1160 1727 Cloanthus

191 1755 437 1806 Fudissetque
456 1770 596 1806 precem
612 1756 787 1807 divosque
803 1756 838 1792 in
855 1766 940 1794 vota
952 1766 1132 1795 vocasset:
1161 1761 1245 1808 [r03

191 1822 262 1867 Di,
275 1822 407 1872 quibus
419 1821 609 1873 imperium
619 1832 675 1861 est
689 1823 985 1875 pelagi,quorum
997 1838 1155 1875 aequora
1165 1839 1247 1861 cur-

191 1889 310 1927 Vobis
329 1888 446 1927 laetus
466 1904 537 1942 ego
556 1890 627 1928 hoc
647 1892 863 1929 candentem
884 1892 917 1928 in
938 1891 1062 1928 littore
1080 1901 1227 1929 taurum

190 1957 424 1997 Constituam
445 1968 530 1996 ante
549 1972 640 2003 aras,
662 1959 736 1996 voti
757 1973 852 2004 reus,
873 1968 1030 2010 extaque
1050 1959 1161 1997 salsos

191 2023 392 2061 Porriciam
413 2025 448 2061 in
469 2025 619 2070 fluctus,
638 2036 676 2063 et
697 2027 777 2063 vina
796 2026 972 2077 liquentia
992 2026 1155 2065 fundam.

191 2090 316 2135 Dixit,
336 2105 492 2142 eumque
512 2091 592 2130 imis
610 2093 677 2130 sub
700 2093 873 2130 fluctibus
888 2093 1001 2130 audiit
1022 2092 1138 2129 omnis

190 2157 392 2198 Nereidum
413 2158 622 2210 Phorcique
642 2161 802 2205 chorus3
835 2161 1079 2210 Panopeaque
1100 2161 1218 2210 virgo,

192 2224 247 2263 Et
266 2233 371 2275 pater
388 2225 465 2276 ipse
486 2241 595 2264 manu
615 2241 747 2279 magna
769 2229 955 2266 Portunus
975 2236 1120 2265 euntem

243 2291 356 2330 Tom.
382 2293 442 2334 ΙΙ.
721 2294 752 2331 Β
