<?xml version="1.0" encoding="UTF-8"?>
<!DOCTYPE html PUBLIC "-//W3C//DTD XHTML 1.0 Transitional//EN"
    "http://www.w3.org/TR/xhtml1/DTD/xhtml1-transitional.dtd">
<html xmlns="http://www.w3.org/1999/xhtml" xml:lang="en" lang="en">
 <head>
  <title>
</title>
<meta http-equiv="Content-Type" content="text/html;charset=utf-8" />
  <meta name='ocr-system' content='tesseract 3.04.00' />
  <meta name='ocr-capabilities' content='ocr_page ocr_carea ocr_par ocr_line ocrx_word'/>
</head>
<body>
  <div class='ocr_page' id='page_1' title='image "./operahun02virguoft_0126.png"; bbox 0 0 1455 2685; ppageno 0'>
   <div class='ocr_carea' id='block_1_1' title="bbox 213 281 1255 326">
    <p class='ocr_par' dir='ltr' id='par_1_1' title="bbox 213 281 1255 326">
     <span class='ocr_line' id='line_1_1' title="bbox 213 281 1255 326; baseline 0.002 -6"><span class='ocrx_word' id='word_1_1' title='bbox 213 284 288 321; x_wconf 74' lang='lat'>113</span> <span class='ocrx_word' id='word_1_2' title='bbox 476 281 778 320; x_wconf 88' lang='lat' dir='ltr'>AENEIDOS</span> <span class='ocrx_word' id='word_1_3' title='bbox 835 282 957 320; x_wconf 89' lang='lat' dir='ltr'>VIII.</span> <span class='ocrx_word' id='word_1_4' title='bbox 1113 298 1147 321; x_wconf 86' lang='lat' dir='ltr'>v.</span> <span class='ocrx_word' id='word_1_5' title='bbox 1165 286 1255 326; x_wconf 77' lang='lat'><strong>607.</strong></span> 
     </span>
    </p>
   </div>
   <div class='ocr_carea' id='block_1_2' title="bbox 204 393 1255 2252">
    <p class='ocr_par' dir='ltr' id='par_1_2' title="bbox 204 393 1255 2252">
     <span class='ocr_line' id='line_1_2' title="bbox 212 393 1192 444; baseline 0 -11"><span class='ocrx_word' id='word_1_6' title='bbox 212 394 436 438; x_wconf 74' lang='lat' dir='ltr'><strong>Succedunt,</strong></span> <span class='ocrx_word' id='word_1_7' title='bbox 456 393 613 444; x_wconf 84' lang='lat' dir='ltr'>fessique</span> <span class='ocrx_word' id='word_1_8' title='bbox 631 403 668 431; x_wconf 89' lang='lat' dir='ltr'>et</span> <span class='ocrx_word' id='word_1_9' title='bbox 688 407 802 444; x_wconf 80' lang='lat' dir='ltr'>equos</span> <span class='ocrx_word' id='word_1_10' title='bbox 821 403 859 432; x_wconf 90' lang='lat' dir='ltr'>et</span> <span class='ocrx_word' id='word_1_11' title='bbox 878 408 1033 444; x_wconf 85' lang='lat' dir='ltr'>corpora</span> <span class='ocrx_word' id='word_1_12' title='bbox 1051 406 1192 434; x_wconf 84' lang='lat' dir='ltr'>curant.</span> 
     </span>
     <span class='ocr_line' id='line_1_3' title="bbox 262 461 1231 506; baseline 0.003 -9"><span class='ocrx_word' id='word_1_13' title='bbox 262 462 324 498; x_wconf 85' lang='lat' dir='ltr'>At</span> <span class='ocrx_word' id='word_1_14' title='bbox 343 461 470 498; x_wconf 84' lang='lat' dir='ltr'>Venus</span> <span class='ocrx_word' id='word_1_15' title='bbox 488 461 664 498; x_wconf 81' lang='lat' dir='ltr'>aetherios</span> <span class='ocrx_word' id='word_1_16' title='bbox 684 461 790 505; x_wconf 85' lang='lat' dir='ltr'>inter,</span> <span class='ocrx_word' id='word_1_17' title='bbox 817 461 884 498; x_wconf 87' lang='lat' dir='ltr'>dea</span> <span class='ocrx_word' id='word_1_18' title='bbox 904 462 1070 506; x_wconf 83' lang='lat' dir='ltr'>candida,</span> <span class='ocrx_word' id='word_1_19' title='bbox 1090 462 1231 500; x_wconf 83' lang='lat' dir='ltr'>nimbos</span> 
     </span>
     <span class='ocr_line' id='line_1_4' title="bbox 208 527 1187 577; baseline 0.001 -12"><span class='ocrx_word' id='word_1_20' title='bbox 208 529 320 566; x_wconf 84' lang='lat' dir='ltr'>Dona</span> <span class='ocrx_word' id='word_1_21' title='bbox 338 527 455 565; x_wconf 86' lang='lat' dir='ltr'>ferens</span> <span class='ocrx_word' id='word_1_22' title='bbox 473 528 597 565; x_wconf 86' lang='lat' dir='ltr'>aderat</span> <span class='ocrx_word' id='word_1_23' title='bbox 615 543 626 573; x_wconf 91' lang='lat'>;</span> <span class='ocrx_word' id='word_1_24' title='bbox 656 536 853 577; x_wconf 85' lang='lat' dir='ltr'>natumque</span> <span class='ocrx_word' id='word_1_25' title='bbox 872 528 908 564; x_wconf 94' lang='lat' dir='ltr'>in</span> <span class='ocrx_word' id='word_1_26' title='bbox 927 528 1016 566; x_wconf 84' lang='lat' dir='ltr'>valle</span> <span class='ocrx_word' id='word_1_27' title='bbox 1037 529 1187 567; x_wconf 87' lang='lat' dir='ltr'>reducta</span> 
     </span>
     <span class='ocr_line' id='line_1_5' title="bbox 208 593 1073 644; baseline 0 -12"><span class='ocrx_word' id='word_1_28' title='bbox 208 596 266 633; x_wconf 87' lang='lat' dir='ltr'>Ut</span> <span class='ocrx_word' id='word_1_29' title='bbox 287 593 417 644; x_wconf 83' lang='lat' dir='ltr'>procul</span> <span class='ocrx_word' id='word_1_30' title='bbox 435 594 581 644; x_wconf 80' lang='lat' dir='ltr'>egelido</span> <span class='ocrx_word' id='word_1_31' title='bbox 602 603 782 630; x_wconf 76' lang='lat' dir='ltr'>secretum</span> <span class='ocrx_word' id='word_1_32' title='bbox 803 594 948 632; x_wconf 89' lang='lat' dir='ltr'>flumine</span> <span class='ocrx_word' id='word_1_33' title='bbox 968 595 1073 638; x_wconf 82' lang='lat' dir='ltr'>vidit,</span> 
     </span>
     <span class='ocr_line' id='line_1_6' title="bbox 208 659 1145 710; baseline 0.002 -12"><span class='ocrx_word' id='word_1_34' title='bbox 208 661 363 698; x_wconf 76' lang='lat' dir='ltr'>Talibus</span> <span class='ocrx_word' id='word_1_35' title='bbox 382 659 490 697; x_wconf 73' lang='lat' dir='ltr'>affata</span> <span class='ocrx_word' id='word_1_36' title='bbox 509 670 564 698; x_wconf 88' lang='lat' dir='ltr'>est</span> <span class='ocrx_word' id='word_1_37' title='bbox 585 661 705 705; x_wconf 83' lang='lat' dir='ltr'>dictis,</span> <span class='ocrx_word' id='word_1_38' title='bbox 735 675 843 710; x_wconf 90' lang='lat' dir='ltr'>seque</span> <span class='ocrx_word' id='word_1_39' title='bbox 863 661 1003 698; x_wconf 80' lang='lat' dir='ltr'>obtulit</span> <span class='ocrx_word' id='word_1_40' title='bbox 1022 661 1119 699; x_wconf 81' lang='lat' dir='ltr'>ultro</span> <span class='ocrx_word' id='word_1_41' title='bbox 1135 677 1145 700; x_wconf 88' lang='lat'><strong>:</strong></span> 
     </span>
     <span class='ocr_line' id='line_1_7' title="bbox 207 726 1044 780; baseline 0.002 -16"><span class='ocrx_word' id='word_1_42' title='bbox 207 728 267 765; x_wconf 80' lang='lat' dir='ltr'>En</span> <span class='ocrx_word' id='word_1_43' title='bbox 287 730 295 764; x_wconf 87' lang='lat'>!</span> <span class='ocrx_word' id='word_1_44' title='bbox 327 726 490 777; x_wconf 87' lang='lat' dir='ltr'>perfecta</span> <span class='ocrx_word' id='word_1_45' title='bbox 508 727 578 764; x_wconf 84' lang='lat' dir='ltr'>mei</span> <span class='ocrx_word' id='word_1_46' title='bbox 596 727 772 777; x_wconf 85' lang='lat' dir='ltr'>promissa</span> <span class='ocrx_word' id='word_1_47' title='bbox 787 728 952 780; x_wconf 81' lang='lat' dir='ltr'>conjugis</span> <span class='ocrx_word' id='word_1_48' title='bbox 967 738 1044 766; x_wconf 87' lang='lat' dir='ltr'>arte</span> 
     </span>
     <span class='ocr_line' id='line_1_8' title="bbox 205 794 1211 845; baseline 0.001 -13"><span class='ocrx_word' id='word_1_49' title='bbox 205 794 386 832; x_wconf 74' lang='lat' dir='ltr'>Munera:</span> <span class='ocrx_word' id='word_1_50' title='bbox 418 808 461 831; x_wconf 90' lang='lat' dir='ltr'>ne</span> <span class='ocrx_word' id='word_1_51' title='bbox 480 808 566 830; x_wconf 81' lang='lat' dir='ltr'>mox</span> <span class='ocrx_word' id='word_1_52' title='bbox 587 805 650 831; x_wconf 84' lang='lat' dir='ltr'>aut</span> <span class='ocrx_word' id='word_1_53' title='bbox 670 795 883 840; x_wconf 84' lang='lat' dir='ltr'>Laurentis,</span> <span class='ocrx_word' id='word_1_54' title='bbox 904 805 1001 840; x_wconf 80' lang='lat' dir='ltr'>nate,</span> <span class='ocrx_word' id='word_1_55' title='bbox 1022 795 1211 845; x_wconf 85' lang='lat' dir='ltr'>superbos,</span> 
     </span>
     <span class='ocr_line' id='line_1_9' title="bbox 206 861 1187 912; baseline 0.002 -14"><span class='ocrx_word' id='word_1_56' title='bbox 206 862 293 899; x_wconf 84' lang='lat' dir='ltr'>Aut</span> <span class='ocrx_word' id='word_1_57' title='bbox 313 875 431 898; x_wconf 87' lang='lat' dir='ltr'>acrem</span> <span class='ocrx_word' id='word_1_58' title='bbox 451 861 596 898; x_wconf 85' lang='lat' dir='ltr'><strong>dubites</strong></span> <span class='ocrx_word' id='word_1_59' title='bbox 615 861 650 898; x_wconf 89' lang='lat' dir='ltr'>in</span> <span class='ocrx_word' id='word_1_60' title='bbox 671 862 809 912; x_wconf 84' lang='lat' dir='ltr'>proelia</span> <span class='ocrx_word' id='word_1_61' title='bbox 838 876 987 912; x_wconf 86' lang='lat' dir='ltr'>poscere</span> <span class='ocrx_word' id='word_1_62' title='bbox 1007 862 1187 901; x_wconf 89' lang='lat' dir='ltr'>Turnum.</span> 
     </span>
     <span class='ocr_line' id='line_1_10' title="bbox 206 927 1076 979; baseline 0.001 -14"><span class='ocrx_word' id='word_1_63' title='bbox 206 928 333 972; x_wconf 75' lang='lat' dir='ltr'>Dixit,</span> <span class='ocrx_word' id='word_1_64' title='bbox 351 937 388 965; x_wconf 88' lang='lat' dir='ltr'>ct</span> <span class='ocrx_word' id='word_1_65' title='bbox 408 927 595 977; x_wconf 79' lang='lat' dir='ltr'>amplexus</span> <span class='ocrx_word' id='word_1_66' title='bbox 614 928 689 965; x_wconf 86' lang='lat' dir='ltr'>nati</span> <span class='ocrx_word' id='word_1_67' title='bbox 710 928 896 978; x_wconf 84' lang='lat' dir='ltr'><strong>Cytherea</strong></span> <span class='ocrx_word' id='word_1_68' title='bbox 915 929 1046 979; x_wconf 84' lang='lat' dir='ltr'>petivit</span> <span class='ocrx_word' id='word_1_69' title='bbox 1064 945 1076 975; x_wconf 91' lang='lat'>;</span> 
     </span>
     <span class='ocr_line' id='line_1_11' title="bbox 204 995 1095 1045; baseline 0 -12"><span class='ocrx_word' id='word_1_70' title='bbox 204 996 326 1034; x_wconf 81' lang='lat' dir='ltr'>Arma</span> <span class='ocrx_word' id='word_1_71' title='bbox 344 995 410 1032; x_wconf 88' lang='lat' dir='ltr'>sub</span> <span class='ocrx_word' id='word_1_72' title='bbox 431 995 576 1032; x_wconf 78' lang='lat' dir='ltr'>adversa</span> <span class='ocrx_word' id='word_1_73' title='bbox 599 995 722 1045; x_wconf 88' lang='lat' dir='ltr'>posuit</span> <span class='ocrx_word' id='word_1_74' title='bbox 742 995 919 1032; x_wconf 77' lang='lat' dir='ltr'>radiantia</span> <span class='ocrx_word' id='word_1_75' title='bbox 943 1009 1095 1045; x_wconf 87' lang='lat' dir='ltr'>quercu.</span> 
     </span>
     <span class='ocr_line' id='line_1_12' title="bbox 207 1061 1024 1106; baseline 0 -8"><span class='ocrx_word' id='word_1_76' title='bbox 207 1062 289 1105; x_wconf 84' lang='lat' dir='ltr'>Ille,</span> <span class='ocrx_word' id='word_1_77' title='bbox 321 1062 406 1098; x_wconf 88' lang='lat' dir='ltr'>deae</span> <span class='ocrx_word' id='word_1_78' title='bbox 426 1062 530 1098; x_wconf 87' lang='lat' dir='ltr'>donis</span> <span class='ocrx_word' id='word_1_79' title='bbox 557 1072 595 1098; x_wconf 87' lang='lat' dir='ltr'>et</span> <span class='ocrx_word' id='word_1_80' title='bbox 613 1070 719 1098; x_wconf 82' lang='lat' dir='ltr'>tanto</span> <span class='ocrx_word' id='word_1_81' title='bbox 738 1061 854 1099; x_wconf 80' lang='lat' dir='ltr'>laetus</span> <span class='ocrx_word' id='word_1_82' title='bbox 872 1062 1024 1106; x_wconf 87' lang='lat' dir='ltr'>honore,</span> 
     </span>
     <span class='ocr_line' id='line_1_13' title="bbox 206 1128 1189 1180; baseline 0 -14"><span class='ocrx_word' id='word_1_83' title='bbox 206 1128 362 1176; x_wconf 81' lang='lat' dir='ltr'>Expleri</span> <span class='ocrx_word' id='word_1_84' title='bbox 381 1129 521 1180; x_wconf 88' lang='lat' dir='ltr'>nequit,</span> <span class='ocrx_word' id='word_1_85' title='bbox 542 1138 652 1178; x_wconf 81' lang='lat' dir='ltr'>atque</span> <span class='ocrx_word' id='word_1_86' title='bbox 671 1128 798 1166; x_wconf 85' lang='lat' dir='ltr'>oculos</span> <span class='ocrx_word' id='word_1_87' title='bbox 818 1143 883 1179; x_wconf 88' lang='lat' dir='ltr'>per</span> <span class='ocrx_word' id='word_1_88' title='bbox 901 1128 1043 1180; x_wconf 84' lang='lat' dir='ltr'>singula</span> <span class='ocrx_word' id='word_1_89' title='bbox 1063 1129 1189 1175; x_wconf 89' lang='lat' dir='ltr'>volvit,</span> 
     </span>
     <span class='ocr_line' id='line_1_14' title="bbox 206 1195 1183 1245; baseline 0.001 -12"><span class='ocrx_word' id='word_1_90' title='bbox 206 1195 453 1245; x_wconf 80' lang='lat' dir='ltr'><strong>Miraturque,</strong></span> <span class='ocrx_word' id='word_1_91' title='bbox 484 1195 650 1245; x_wconf 86' lang='lat' dir='ltr'>interque</span> <span class='ocrx_word' id='word_1_92' title='bbox 670 1209 809 1240; x_wconf 88' lang='lat' dir='ltr'>manus,</span> <span class='ocrx_word' id='word_1_93' title='bbox 829 1205 868 1233; x_wconf 81' lang='lat' dir='ltr'>et</span> <span class='ocrx_word' id='word_1_94' title='bbox 885 1196 1046 1240; x_wconf 85' lang='lat' dir='ltr'>brachia,</span> <span class='ocrx_word' id='word_1_95' title='bbox 1067 1207 1183 1234; x_wconf 77' lang='lat' dir='ltr'>versat</span> 
     </span>
     <span class='ocr_line' id='line_1_15' title="bbox 204 1261 1213 1314; baseline 0.001 -14"><span class='ocrx_word' id='word_1_96' title='bbox 204 1261 423 1300; x_wconf 84' lang='lat' dir='ltr'>Terribilem</span> <span class='ocrx_word' id='word_1_97' title='bbox 444 1262 561 1299; x_wconf 80' lang='lat' dir='ltr'>cristis</span> <span class='ocrx_word' id='word_1_98' title='bbox 582 1263 721 1314; x_wconf 80' lang='lat' dir='ltr'>galeam</span> <span class='ocrx_word' id='word_1_99' title='bbox 742 1263 974 1314; x_wconf 84' lang='lat' dir='ltr'>flammasque</span> <span class='ocrx_word' id='word_1_100' title='bbox 994 1274 1213 1309; x_wconf 87' lang='lat' dir='ltr'>vomentem,</span> 
     </span>
     <span class='ocr_line' id='line_1_16' title="bbox 205 1330 1185 1383; baseline 0.002 -16"><span class='ocrx_word' id='word_1_101' title='bbox 205 1330 480 1379; x_wconf 79' lang='lat' dir='ltr'>Fatiferumque</span> <span class='ocrx_word' id='word_1_102' title='bbox 499 1344 631 1375; x_wconf 85' lang='lat' dir='ltr'>ensem,</span> <span class='ocrx_word' id='word_1_103' title='bbox 661 1330 808 1367; x_wconf 83' lang='lat' dir='ltr'>loricam</span> <span class='ocrx_word' id='word_1_104' title='bbox 829 1346 874 1368; x_wconf 74' lang='lat' dir='ltr'>ex</span> <span class='ocrx_word' id='word_1_105' title='bbox 894 1345 974 1369; x_wconf 88' lang='lat' dir='ltr'>aere</span> <span class='ocrx_word' id='word_1_106' title='bbox 993 1332 1185 1383; x_wconf 83' lang='lat' dir='ltr'><strong>rigentem,</strong></span> 
     </span>
     <span class='ocr_line' id='line_1_17' title="bbox 207 1396 1255 1448; baseline 0.001 -14"><span class='ocrx_word' id='word_1_107' title='bbox 207 1397 463 1447; x_wconf 77' lang='lat' dir='ltr'>Sanguineam,</span> <span class='ocrx_word' id='word_1_108' title='bbox 483 1396 682 1448; x_wconf 69' lang='lat' dir='ltr'>ingentem,</span> <span class='ocrx_word' id='word_1_109' title='bbox 703 1398 831 1447; x_wconf 77' lang='lat' dir='ltr'>qualis,</span> <span class='ocrx_word' id='word_1_110' title='bbox 853 1412 963 1448; x_wconf 85' lang='lat' dir='ltr'>quum</span> <span class='ocrx_word' id='word_1_111' title='bbox 983 1398 1124 1435; x_wconf 79' lang='lat' dir='ltr'>caerula</span> <span class='ocrx_word' id='word_1_112' title='bbox 1143 1399 1255 1436; x_wconf 85' lang='lat' dir='ltr'>nubes</span> 
     </span>
     <span class='ocr_line' id='line_1_18' title="bbox 206 1463 1062 1515; baseline -0.002 -12"><span class='ocrx_word' id='word_1_113' title='bbox 206 1465 299 1503; x_wconf 81' lang='lat' dir='ltr'>Solis</span> <span class='ocrx_word' id='word_1_114' title='bbox 319 1464 512 1501; x_wconf 77' lang='lat' dir='ltr'>inardescit</span> <span class='ocrx_word' id='word_1_115' title='bbox 533 1464 654 1508; x_wconf 75' lang='lat' dir='ltr'>radiis,</span> <span class='ocrx_word' id='word_1_116' title='bbox 674 1464 857 1515; x_wconf 81' lang='lat' dir='ltr'>longeque</span> <span class='ocrx_word' id='word_1_117' title='bbox 877 1463 1035 1515; x_wconf 77' lang='lat' dir='ltr'>refulget</span> <span class='ocrx_word' id='word_1_118' title='bbox 1053 1480 1062 1509; x_wconf 92' lang='lat'>;</span> 
     </span>
     <span class='ocr_line' id='line_1_19' title="bbox 205 1530 1070 1580; baseline 0 -12"><span class='ocrx_word' id='word_1_119' title='bbox 205 1532 304 1569; x_wconf 83' lang='lat' dir='ltr'>Tum</span> <span class='ocrx_word' id='word_1_120' title='bbox 324 1531 409 1568; x_wconf 83' lang='lat' dir='ltr'>levis</span> <span class='ocrx_word' id='word_1_121' title='bbox 429 1544 552 1567; x_wconf 88' lang='lat' dir='ltr'>ocreas</span> <span class='ocrx_word' id='word_1_122' title='bbox 571 1530 708 1568; x_wconf 79' lang='lat' dir='ltr'>electro</span> <span class='ocrx_word' id='word_1_123' title='bbox 728 1545 888 1580; x_wconf 82' lang='lat' dir='ltr'>auroque</span> <span class='ocrx_word' id='word_1_124' title='bbox 908 1541 1070 1576; x_wconf 85' lang='lat' dir='ltr'>recocto,</span> 
     </span>
     <span class='ocr_line' id='line_1_20' title="bbox 205 1596 1120 1646; baseline 0 -11"><span class='ocrx_word' id='word_1_125' title='bbox 205 1597 451 1646; x_wconf 83' lang='lat' dir='ltr'>Hastamque,</span> <span class='ocrx_word' id='word_1_126' title='bbox 471 1606 509 1634; x_wconf 84' lang='lat' dir='ltr'>et</span> <span class='ocrx_word' id='word_1_127' title='bbox 530 1596 636 1646; x_wconf 74' lang='lat' dir='ltr'>clipei</span> <span class='ocrx_word' id='word_1_128' title='bbox 657 1611 727 1634; x_wconf 87' lang='lat' dir='ltr'>non</span> <span class='ocrx_word' id='word_1_129' title='bbox 747 1597 943 1635; x_wconf 71' lang='lat' dir='ltr'>enarrabile</span> <span class='ocrx_word' id='word_1_130' title='bbox 962 1608 1120 1635; x_wconf 86' lang='lat' dir='ltr'>textum.</span> 
     </span>
     <span class='ocr_line' id='line_1_21' title="bbox 259 1663 1148 1716; baseline 0.003 -16"><span class='ocrx_word' id='word_1_131' title='bbox 259 1664 341 1700; x_wconf 89' lang='lat' dir='ltr'>Illic</span> <span class='ocrx_word' id='word_1_132' title='bbox 361 1677 415 1700; x_wconf 85' lang='lat' dir='ltr'>res</span> <span class='ocrx_word' id='word_1_133' title='bbox 438 1663 562 1707; x_wconf 77' lang='lat' dir='ltr'>Italas,</span> <span class='ocrx_word' id='word_1_134' title='bbox 585 1663 910 1714; x_wconf 86' lang='lat' dir='ltr'>Romanorumque</span> <span class='ocrx_word' id='word_1_135' title='bbox 928 1666 1148 1716; x_wconf 85' lang='lat' dir='ltr'>triumphos,</span> 
     </span>
     <span class='ocr_line' id='line_1_22' title="bbox 204 1730 1148 1781; baseline 0 -11"><span class='ocrx_word' id='word_1_136' title='bbox 204 1731 323 1770; x_wconf 87' lang='lat' dir='ltr'>Haud</span> <span class='ocrx_word' id='word_1_137' title='bbox 341 1739 465 1767; x_wconf 82' lang='lat' dir='ltr'>vatum</span> <span class='ocrx_word' id='word_1_138' title='bbox 485 1730 646 1781; x_wconf 87' lang='lat' dir='ltr'>ignarus,</span> <span class='ocrx_word' id='word_1_139' title='bbox 675 1731 887 1780; x_wconf 77' lang='lat' dir='ltr'>venturique</span> <span class='ocrx_word' id='word_1_140' title='bbox 906 1732 1038 1769; x_wconf 89' lang='lat' dir='ltr'>inscius</span> <span class='ocrx_word' id='word_1_141' title='bbox 1058 1734 1148 1778; x_wconf 89' lang='lat' dir='ltr'>aevi,</span> 
     </span>
     <span class='ocr_line' id='line_1_23' title="bbox 205 1795 1147 1848; baseline 0.002 -13"><span class='ocrx_word' id='word_1_142' title='bbox 205 1798 357 1835; x_wconf 84' lang='lat' dir='ltr'>Fecerat</span> <span class='ocrx_word' id='word_1_143' title='bbox 379 1796 586 1847; x_wconf 79' lang='lat' dir='ltr'>ignipotens</span> <span class='ocrx_word' id='word_1_144' title='bbox 605 1811 616 1841; x_wconf 92' lang='lat'>;</span> <span class='ocrx_word' id='word_1_145' title='bbox 645 1795 717 1834; x_wconf 76' lang='lat' dir='ltr'>illic</span> <span class='ocrx_word' id='word_1_146' title='bbox 738 1811 854 1848; x_wconf 88' lang='lat' dir='ltr'>genus</span> <span class='ocrx_word' id='word_1_147' title='bbox 874 1812 979 1835; x_wconf 89' lang='lat' dir='ltr'>omne</span> <span class='ocrx_word' id='word_1_148' title='bbox 1003 1799 1147 1837; x_wconf 83' lang='lat' dir='ltr'>futurae</span> 
     </span>
     <span class='ocr_line' id='line_1_24' title="bbox 207 1863 1198 1915; baseline 0.002 -14"><span class='ocrx_word' id='word_1_149' title='bbox 207 1863 338 1913; x_wconf 69' lang='lat' dir='ltr'>Stirpis</span> <span class='ocrx_word' id='word_1_150' title='bbox 358 1864 404 1900; x_wconf 86' lang='lat' dir='ltr'>ab</span> <span class='ocrx_word' id='word_1_151' title='bbox 427 1863 608 1906; x_wconf 80' lang='lat' dir='ltr'>Ascanio,</span> <span class='ocrx_word' id='word_1_152' title='bbox 638 1874 876 1915; x_wconf 85' lang='lat' dir='ltr'>pugnataque</span> <span class='ocrx_word' id='word_1_153' title='bbox 896 1865 931 1901; x_wconf 82' lang='lat' dir='ltr'>in</span> <span class='ocrx_word' id='word_1_154' title='bbox 950 1866 1075 1902; x_wconf 86' lang='lat' dir='ltr'>ordine</span> <span class='ocrx_word' id='word_1_155' title='bbox 1094 1866 1198 1904; x_wconf 78' lang='lat' dir='ltr'>bella.</span> 
     </span>
     <span class='ocr_line' id='line_1_25' title="bbox 273 1929 1094 1969; baseline 0.002 -3"><span class='ocrx_word' id='word_1_156' title='bbox 273 1939 406 1966; x_wconf 69' lang='lat' dir='ltr'>‘ecerat</span> <span class='ocrx_word' id='word_1_157' title='bbox 425 1939 462 1966; x_wconf 85' lang='lat' dir='ltr'>ct</span> <span class='ocrx_word' id='word_1_158' title='bbox 482 1930 584 1966; x_wconf 78' lang='lat' dir='ltr'>viridi</span> <span class='ocrx_word' id='word_1_159' title='bbox 604 1929 715 1967; x_wconf 85' lang='lat' dir='ltr'>fetam</span> <span class='ocrx_word' id='word_1_160' title='bbox 737 1930 917 1968; x_wconf 77' lang='lat' dir='ltr'>Mavortis</span> <span class='ocrx_word' id='word_1_161' title='bbox 935 1932 970 1968; x_wconf 85' lang='lat' dir='ltr'>in</span> <span class='ocrx_word' id='word_1_162' title='bbox 991 1942 1094 1969; x_wconf 85' lang='lat' dir='ltr'>antro</span> 
     </span>
     <span class='ocr_line' id='line_1_26' title="bbox 205 1995 1200 2048; baseline 0.005 -16"><span class='ocrx_word' id='word_1_163' title='bbox 205 1996 446 2033; x_wconf 83' lang='lat' dir='ltr'>Procubuisse</span> <span class='ocrx_word' id='word_1_164' title='bbox 465 1995 587 2046; x_wconf 81' lang='lat' dir='ltr'>lupam</span> <span class='ocrx_word' id='word_1_165' title='bbox 606 2011 615 2034; x_wconf 91' lang='lat'><strong>:</strong></span> <span class='ocrx_word' id='word_1_166' title='bbox 647 1997 811 2048; x_wconf 90' lang='lat' dir='ltr'>geminos</span> <span class='ocrx_word' id='word_1_167' title='bbox 830 1998 914 2035; x_wconf 85' lang='lat' dir='ltr'>huic</span> <span class='ocrx_word' id='word_1_168' title='bbox 935 1999 1044 2036; x_wconf 86' lang='lat' dir='ltr'>ubera</span> <span class='ocrx_word' id='word_1_169' title='bbox 1064 1999 1200 2037; x_wconf 89' lang='lat' dir='ltr'>circum</span> 
     </span>
     <span class='ocr_line' id='line_1_27' title="bbox 205 2063 1145 2113; baseline 0.004 -14"><span class='ocrx_word' id='word_1_170' title='bbox 205 2063 355 2100; x_wconf 82' lang='lat' dir='ltr'>Ludere</span> <span class='ocrx_word' id='word_1_171' title='bbox 374 2064 566 2113; x_wconf 83' lang='lat' dir='ltr'>pendentis</span> <span class='ocrx_word' id='word_1_172' title='bbox 585 2078 731 2113; x_wconf 85' lang='lat' dir='ltr'>pueros,</span> <span class='ocrx_word' id='word_1_173' title='bbox 759 2073 796 2102; x_wconf 86' lang='lat' dir='ltr'>et</span> <span class='ocrx_word' id='word_1_174' title='bbox 815 2064 974 2102; x_wconf 86' lang='lat' dir='ltr'>lambere</span> <span class='ocrx_word' id='word_1_175' title='bbox 993 2075 1145 2103; x_wconf 84' lang='lat' dir='ltr'>matrem</span> 
     </span>
     <span class='ocr_line' id='line_1_28' title="bbox 205 2129 1079 2178; baseline 0.007 -14"><span class='ocrx_word' id='word_1_176' title='bbox 205 2129 414 2178; x_wconf 83' lang='lat' dir='ltr'>Impavidos</span> <span class='ocrx_word' id='word_1_177' title='bbox 432 2145 442 2174; x_wconf 92' lang='lat'>;</span> <span class='ocrx_word' id='word_1_178' title='bbox 471 2129 580 2175; x_wconf 76' lang='lat' dir='ltr'>illam,</span> <span class='ocrx_word' id='word_1_179' title='bbox 609 2131 716 2168; x_wconf 86' lang='lat' dir='ltr'>tereti</span> <span class='ocrx_word' id='word_1_180' title='bbox 735 2132 875 2169; x_wconf 79' lang='lat' dir='ltr'>cervice</span> <span class='ocrx_word' id='word_1_181' title='bbox 895 2133 1079 2177; x_wconf 76' lang='lat' dir='ltr'>reflexam,</span> 
     </span>
     <span class='ocr_line' id='line_1_29' title="bbox 205 2195 1113 2252; baseline 0.006 -19"><span class='ocrx_word' id='word_1_182' title='bbox 205 2195 371 2234; x_wconf 83' lang='lat' dir='ltr'>Mulcere</span> <span class='ocrx_word' id='word_1_183' title='bbox 390 2196 561 2243; x_wconf 80' lang='lat' dir='ltr'>alternos,</span> <span class='ocrx_word' id='word_1_184' title='bbox 589 2207 626 2235; x_wconf 86' lang='lat' dir='ltr'>et</span> <span class='ocrx_word' id='word_1_185' title='bbox 647 2212 802 2248; x_wconf 87' lang='lat' dir='ltr'>corpora</span> <span class='ocrx_word' id='word_1_186' title='bbox 820 2199 957 2251; x_wconf 86' lang='lat' dir='ltr'>fingere</span> <span class='ocrx_word' id='word_1_187' title='bbox 977 2200 1113 2252; x_wconf 83' lang='lat' dir='ltr'>lingua.</span> 
     </span>
    </p>
   </div>
  </div>
 </body>
</html>
