1455 2685
229 329 282 365 64·
512 325 815 366 AENEIDOS
870 326 947 365 v1.
1138 343 1172 366 v.
1188 324 1278 369 855.

281 438 343 476 Sic
363 447 470 489 pater
482 437 682 482 Anchises,
699 448 810 489 atque
825 438 914 476 haec
929 438 1141 477 mirantibus
1156 441 1278 478 additi

223 504 407 555 Adspice,
436 515 477 543 ut
496 504 646 556 insignis
666 504 792 555 spoliis
812 504 1010 543 Marcellus
1023 507 1155 556 opimis

225 570 452 621 Ingreditur,
481 572 671 621 victorque
691 571 784 608 viros
804 572 1046 621 supereminet
1065 572 1181 609 omnis
1200 576 1207 610 !

225 630 304 677 Hic
325 653 397 676 rem
424 639 638 679 Romanam,
669 652 801 689 magno
820 639 991 676 turbante
1010 639 1187 682 tumultu,

225 705 338 743 Sistet
357 721 366 751 ;
386 719 498 756 eques
517 715 654 743 sternet
671 705 827 749 Poenos,
850 700 1074 756 Gallumque
1090 706 1276 751 rebellem,-

222 771 425 824 Tertiaque
444 787 542 810 arma
560 773 653 824 patri
675 773 871 823 suspendet
892 782 1001 823 capta
1022 773 1193 823 Quirino.

275 840 408 890 Atque
418 840 487 878 hic
506 840 659 878 Aeneas
684 856 694 885 ;
724 853 794 877 una
815 854 970 890 namque
990 839 1040 876 ire
1060 840 1208 877 videbat

220 905 426 957 Egregium
451 907 567 944 forma
582 909 763 958 juvenem,
785 916 820 944 et
841 905 1072 958 fulgentibus
1089 906 1209 950 armis,

219 972 294 1010 Sed
316 972 414 1011 frons
433 973 526 1011 laeta
546 988 688 1023 parum,
717 983 753 1011 et
773 974 917 1025 dejecto
931 973 1066 1010 lumina
1086 972 1187 1009 voltu
1205 987 1215 1010 ε

217 1040 325 1090 Ωιιίς,
347 1050 461 1090 pater,
482 1040 554 1084 ille,
588 1041 701 1077 virum
724 1039 787 1091 qui
808 1040 858 1077 sic
877 1040 1078 1077 comitatur
1095 1049 1240 1077 euntem
1258 1041 1271 1078 ἓ

217 1105 343 1151 Filius,
364 1121 453 1144 anne
473 1107 600 1158 aliquis
620 1121 751 1158 magna
771 1108 817 1144 de
836 1106 948 1156 stirpe
968 1115 1144 1156 nepotum
1163 1107 1178 1144 ἶ

215 1173 293 1223 Qui
308 1174 479 1223 strepituc
494 1174 588 1211 circa
603 1174 798 1212 comitum!
818 1183 996 1224 quantum
1010 1173 1121 1210 instar
1133 1172 1167 1209 in
1188 1173 1269 1223 ipso

216 1240 290 1278 Sed
311 1241 398 1279 Nox
411 1251 489 1278 atra
507 1250 619 1291 caput
635 1241 730 1278 tristi
746 1239 983 1278 circumvolat
1004 1241 1144 1277 umbra.
1172 1242 1264 1290 [estl

264 1307 367 1345 Tum
387 1316 492 1358 pater
510 1307 708 1353 Anchises,
725 1307 884 1346 lacrimis
899 1307 1083 1358 ingressus
1101 1306 1240 1344 obortis
1254 1321 1266 1344 ς

213 1374 249 1413 Ο
272 1384 354 1413 nate
373 1378 384 1413 ἓ
415 1376 603 1428 ingentem
620 1375 762 1413 luctum
781 1389 824 1412 ne
843 1388 975 1425 quaere
996 1383 1145 1411 tuorum
1161 1388 1171 1411 ε

211 1442 420 1481 Ostendent
439 1443 544 1480 terris
563 1443 661 1480 hunc
681 1452 825 1479 tantum
845 1440 934 1486 fata,
955 1455 1076 1491 neque
1095 1440 1192 1478 ultra

208 1509 304 1547 Esse
324 1509 456 1547 sinent.
487 1509 652 1549 Nimium
672 1509 776 1546 vobis
799 1509 965 1546 Romana
986 1522 1154 1560 propago

208 1577 297 1614 Visa
312 1586 459 1627 potens,
482 1576 627 1627 Superi,
655 1576 804 1627 propria
819 1576 907 1614 haec
920 1575 949 1614 si
968 1575 1064 1613 dona
1094 1575 1261 1616 fuissent.-

208 1645 378 1693 Quantos
397 1643 457 1680 ille
474 1644 587 1681 virum
609 1657 779 1695 magnam
799 1643 979 1682 Mavortis
999 1644 1044 1681 ad
1067 1644 1195 1683 urbem

206 1709 368 1760 Campus
384 1720 470 1761 aget
486 1710 642 1761 gemitus
661 1713 669 1747 !
702 1710 758 1747 vel
778 1724 882 1762 quae,
903 1710 1092 1755 Tiberine,
1121 1711 1263 1749 videbis

206 1775 361 1821 Funera,
391 1790 502 1826 quurn
527 1775 710 1814 tumulum
731 1775 995 1827 praeterlabere
1015 1780 1229 1816 tecentem!

207 1843 287 1880 Nec
307 1857 397 1894 puer
413 1842 527 1880 Iliaca
546 1844 738 1894 quisquam
756 1843 801 1881 de
821 1852 932 1895 gente
952 1844 1109 1882 Latinos

205 1912 250 1948 In
270 1920 414 1948 tantum
435 1925 497 1961 spe
517 1910 624 1949 tollet
644 1925 753 1957 avos3
783 1925 850 1949 nec
873 1911 1033 1949 Romula
1052 1912 1238 1962 quondam

203 1978 294 2016 Uno
314 1992 350 2015 se
370 1987 514 2016 tantum
534 1977 641 2015 tellus
655 1978 810 2030 jactabit
826 1977 986 2016 alumno.

201 2044 292 2084 Heu
313 2044 455 2095 pietas!
488 2044 560 2082 heu
580 2044 699 2095 prisca
717 2045 807 2083 fides
825 2048 833 2083 Ξ
866 2045 1071 2096 invictaque
1091 2045 1189 2084 bello

200 2111 367 2162 Dextera
383 2114 390 2149 !
423 2125 494 2149 non
514 2111 567 2148 iui
585 2123 622 2148 se
640 2111 831 2162 quisquam
850 2112 997 2163 impune
1018 2112 1161 2152 tulisset

200 2178 343 2217 Obvius
363 2187 514 2224 armam,
534 2192 594 2216 seu
614 2190 729 2229 quum
749 2179 858 2230 pedes
873 2180 941 2218 iret
960 2180 995 2216 in
1015 2180 1175 2225 hostem,

201 2245 273 2282 Seu
294 2245 493 2294 spumantis
511 2245 595 2295 equi
613 2244 758 2285 foderet
775 2246 977 2286 calcaribus
996 2259 1128 2286 armos.
