1455 2685
250 377 323 413 154·
573 372 875 412 AENEIDOS
933 374 986 412 X.
1187 389 1222 413 v.
1237 377 1303 413 20.

251 486 378 526 Cernis
397 494 438 522 ut
458 484 633 522 insultent
653 484 799 529 Rutuli,
820 483 1047 536 Turnusque
1066 483 1208 523 feratur

254 553 325 590 Per
344 552 481 590 medios
500 552 651 603 insignis
672 551 789 602 equis,
809 551 1046 601 tumidusque
1066 552 1225 589 secundo

254 620 377 658 Marte
393 620 494 658 ruat?
511 620 597 658 Non
611 618 732 656 clausa
743 621 958 671 teguntjam
971 619 1110 656 moenia
1122 620 1302 658 Teucros:

255 688 355 739 Quin
375 688 469 724 intra
488 695 612 737 portas
631 695 742 736 atque
760 686 847 735 ipsis
868 685 1006 735 proelia
1030 686 1182 724 miscent

254 754 476 806 Aggeribus
491 767 697 790 moerorum
715 768 725 798 3
742 761 780 790 et
795 752 970 789 inundant
988 752 1161 804 sanguine
1178 752 1304 790 fossae.

255 822 403 860 Aeneas
421 820 568 872 ignarus
588 820 704 857 abest.
735 819 991 868 Numquamne
1011 819 1120 856 levari

258 887 461 926 Obsidione
481 887 599 924 sines?
629 886 739 923 muris
760 887 892 922 iterum
913 886 1075 924 imminet
1095 887 1209 924 hostis

258 954 452 993 Nascentis
473 953 610 1004 Trojae
629 968 639 998 ς
669 966 735 989 nec
756 966 827 989 non
848 952 1030 989 exercitus
1050 953 1155 999 alter,

256 1022 390 1070 Atque
411 1021 543 1058 iterum
562 1020 597 1056 in
618 1018 787 1057 Teucros
806 1018 956 1056 Aetolis
985 1019 1102 1070 surgit
1121 1021 1166 1057 ab
1191 1021 1310 1071 Arpis

258 1088 438 1139 Tydides.
470 1086 655 1137 Equidem
674 1085 784 1123 credo
805 1099 884 1122 mea
902 1085 1047 1123 volnera
1066 1097 1200 1125 restant
1218 1103 1231 1134 ς

258 1153 314 1192 Et
334 1164 398 1191 tua
417 1152 610 1204 progenies
630 1150 796 1188 mortalia
816 1152 986 1189 demoror
1005 1166 1102 1190 arma
1120 1155 1129 1191 Ξ

260 1221 299 1260 Si
319 1221 392 1258 sine
413 1234 503 1270 pace
524 1230 601 1264 tua,
622 1227 732 1270 atque
752 1218 866 1255 invito
886 1220 1045 1264 numine,
1066 1221 1187 1259 Troe's

261 1287 407 1326 Italiam
429 1286 565 1337 petiere
583 1302 594 1332 ;
622 1286 724 1323 luant
744 1295 910 1336 peccata,
931 1301 1048 1337 neque
1067 1287 1149 1324 illos

259 1355 402 1394 Juveris
421 1353 556 1391 auxilio
574 1368 583 1390 :
615 1353 681 1397 sin,
700 1362 759 1390 tot
779 1366 948 1403 responsa
967 1354 1096 1398 secuti,
1181 1358 1312 1406 [quam

261 1423 367 1473 Quae
390 1420 522 1471 Superi
543 1420 746 1470 Manesque
766 1420 928 1465 dabant3
948 1434 1014 1457 cur
1028 1434 1123 1458 nunc
1139 1430 1202 1458 tua
1217 1422 1314 1472 quis-

260 1488 417 1526 Vertere
432 1490 532 1540 jussa
552 1496 678 1538 potest
696 1488 709 1526 ?
729 1500 792 1525 aut
811 1502 877 1525 cur
895 1501 988 1524 nova
1007 1488 1161 1526 condere
1181 1488 1257 1526 fata
1274 1490 1288 1527 ?

262 1556 367 1606 Quid
385 1564 548 1605 repetam
567 1564 714 1592 exustas
737 1555 905 1606 Erycino
922 1554 957 1591 in
977 1554 1102 1592 littore
1122 1553 1242 1592 classis
1259 1555 1277 1592 ?

263 1623 366 1674 Quid
385 1631 647 1672 tempestatum
666 1636 803 1674 regem,
833 1631 1032 1672 ventosque
1055 1621 1209 1660 furentis

261 1690 399 1729 Aeolia
418 1688 558 1726 excitos
576 1690 589 1727 ?
617 1698 681 1726 aut
701 1698 818 1726 actam
838 1689 996 1726 nubibus
1021 1689 1139 1728 Irim?

262 1757 375 1795 Nune
395 1756 505 1793 etiam
526 1755 648 1793 Manis
681 1756 791 1807 (haec
811 1756 991 1793 intentata
1009 1757 1177 1794 manebat

266 1826 354 1863 Sors
373 1823 513 1876 rerum)
537 1832 659 1860 movet
678 1838 688 1868 ;
718 1834 768 1867 et,
795 1824 933 1872 superis
952 1823 1108 1860 immissa
1127 1833 1287 1874 repente,

264 1891 421 1931 Allecto
441 1889 576 1927 medias
597 1888 733 1927 Italum
751 1889 930 1926 bacchata
949 1903 1013 1939 per
1034 1889 1143 1927 urbis.

266 1958 332 1997 Nil
351 1971 459 2007 super
477 1956 630 2007 imperio
650 1969 798 1994 moveor
815 1972 824 1994 ε
857 1956 1075 2007 speravimus
1094 1956 1177 2001 ista,

266 2025 374 2065 Dum
394 2023 541 2061 fortuna
560 2022 631 2060 fuit
649 2038 658 2062 :
689 2024 849 2068 vincant,
878 2037 971 2074 quos
990 2024 1132 2061 vincere
1152 2024 1276 2062 mavis.

269 2094 309 2132 Si
329 2092 426 2130 nulla
444 2101 498 2129 est
519 2091 633 2143 regio,
654 2090 811 2128 Teucris
832 2104 939 2141 quam
967 2091 1029 2128 det
1048 2100 1112 2128 tua
1133 2094 1290 2144 conjunx

268 2161 403 2205 Dura3
432 2172 498 2210 per
516 2172 670 2203 eversae,
691 2157 850 2209 genitor,
866 2157 1043 2194 fumantia
1063 2158 1199 2210 Trojae

270 2227 428 2267 Excidia
447 2226 628 2269 obtestor,
648 2224 757 2262 liceat
773 2224 954 2262 dimittere
974 2226 1019 2262 ab
1041 2225 1146 2262 armis

270 2294 498 2334 Incolumem
519 2292 740 2338 Ascanium,
760 2292 867 2331 liceat
884 2306 1066 2344 superesse
1082 2302 1263 2343 nepotem.
