1455 2685
234 315 308 351 163
521 312 822 352 AENEIDOS
880 314 931 352 X.
1135 324 1170 353 ν’.
1187 319 1279 355 41οι

227 424 313 461 Non
334 423 438 461 aliter
456 425 593 463 socium
612 425 725 462 virtus
746 425 820 462 coit
840 425 955 462 omnis
975 424 1010 462 in
1031 440 1157 472 unum,

225 490 358 541 Teque
372 494 488 543 juvat,
510 491 621 529 Palla.
654 493 740 535 Sed,
761 492 872 542 bellis·
884 505 979 536 acer,
1011 492 1170 530 Halesus

224 558 365 595 Tendit
384 558 419 594 in
440 559 618 604 adversos,
639 573 748 608 seque
768 558 802 594 in
824 572 887 595 sua
907 558 1051 609 colligit
1070 572 1167 595 arma
1184 575 1194 598 ε

223 624 301 662 Hic
316 634 451 662 mactat
469 625 636 669 Ladona,
654 626 899 675 Pheretaque,
916 626 1250 676 Demodocumque
1262 641 1278 671 ;›

223 692 433 742 Strymonio
453 693 618 729 dextram
638 692 797 743 fulgenti
817 693 950 742 deripit
970 707 1068 737 ense,

224 757 371 795 Elatam
388 759 424 795 in
439 759 631 810 jugulum3
666 772 752 795 saxo
772 759 856 796 ferit
876 772 938 795 ora
964 759 1161 803 Thoantis,

224 825 391 875 Ossaque
414 826 595 876 dispersit,
615 826 769 863 cerebro
787 826 968 874 permixta
988 836 1155 863 cruento.

224 891 316 929 Fata
336 906 465 929 canens
485 893 579 929 silvis
600 892 745 943 genitor
764 891 898 929 celarat
921 892 1099 929 Halesum
1117 907 1127 930 :

221 959 280 996 Ut
300 959 418 996 senior
437 959 511 996 leto
531 959 696 995 canentia
715 957 851 995 lumina
871 957 992 1002 solvit,

220 1025 382 1077 Injecere
401 1039 545 1062 manum
567 1026 715 1071 Parcae,
736 1024 892 1074 telisque
913 1035 1100 1062 sacrarunt
1215 1073 1217 1076 Ι

220 1090 395 1129 Evandri.
427 1094 547 1142 Quem
570 1091 618 1129 sic
641 1090 760 1128 Pallas
780 1091 872 1142 petit
889 1100 970 1128 ante
991 1101 1161 1141 precatus
1180 1107 1190 1130 ι

218 1158 284 1196 Da
302 1173 411 1202 nunc,
432 1158 581 1208 Thybri
602 1166 719 1208 pater,
740 1157 849 1202 ferro,
867 1159 967 1207 quod
987 1159 1117 1195 missile
1136 1159 1244 1204 libro,

219 1224 436 1269 Fortunam,
456 1235 566 1275 atque
586 1225 679 1261 viam
699 1224 779 1261 duri
798 1239 864 1274 per
883 1234 1014 1275 pectus
1035 1225 1166 1263 Halesi
1184 1242 1194 1270 ς

213 1290 323 1329 Hace
342 1306 451 1338 arma,
471 1292 688 1342 exuviasque
707 1291 786 1334 viri,
806 1303 869 1328 tua
889 1306 1046 1341 quercus
1066 1293 1238 1330 habebit,

215 1358 355 1396 Audiit
373 1358 433 1395 illa
452 1359 539 1396 deus
555 1374 564 1396 :
596 1359 682 1395 dum
700 1358 794 1395 texit
815 1359 964 1395 Imaona
986 1359 1163 1404 Halesus,

215 1424 383 1462 Arcadio
403 1424 527 1462 infelix
549 1425 622 1463 telo
643 1426 707 1462 dat
725 1434 856 1475 pectus
876 1425 1068 1463 inermum.

267 1493 327 1530 At
347 1507 417 1529 non
437 1493 545 1529 caede
564 1492 629 1528 viri
647 1501 749 1529 tanta
768 1492 960 1542 perterrita
981 1492 1143 1537 Lausus,

216 1558 303 1595 Pars
321 1558 447 1610 ingens
466 1559 565 1603 belli,
586 1560 670 1597 sinit
684 1559 828 1610 agmina
846 1574 856 1596 :
887 1559 1026 1608 primus
1048 1559 1239 1597 Abantem

214 1625 442 1675 Oppositum
454 1626 641 1670 interimit,
657 1639 801 1677 pugnae
816 1626 1026 1676 nodumque
1039 1640 1263 1677 moramque.

214 1692 400 1729 Sternitur
419 1693 605 1729 Arcadiae
626 1693 745 1742 proles
763 1708 773 1737 3
807 1702 1021 1730 sternuntur
1042 1693 1191 1730 Etrusci
1208 1709 1219 1739 ;

210 1758 266 1796 Et
285 1773 362 1803 vos,
382 1774 405 1796 o
423 1761 431 1796 !
466 1760 591 1798 Graiis
608 1759 799 1810 imperdita
817 1773 984 1809 corpora,
1006 1760 1162 1797 Teucri.

210 1825 380 1877 Agmina
398 1834 622 1863 concurrunt
642 1827 869 1875 ducibusque
888 1835 925 1863 et
947 1826 1080 1863 viribus
1100 1827 1233 1876 aequis.

212 1893 382 1929 Extremi
401 1893 598 1930 addcnsant
617 1893 710 1930 acies
726 1908 735 1930 :
767 1906 832 1929 nec
853 1893 962 1929 turba
981 1894 1116 1929 moveri

210 1958 305 1997 Tela
318 1973 515 2009 manusque
530 1959 626 1996 sinit.
659 1959 761 1997 Hinc
777 1958 894 1996 Pallas
909 1959 1035 2002 instat,
1049 1968 1087 1996 et
1104 1969 1258 2010 urguet:

210 2024 315 2063 Hinc
335 2035 464 2063 contra
484 2026 628 2063 Lausus
646 2041 656 2071 3
677 2040 741 2063 nec
761 2025 916 2062 multum
931 2025 1113 2075 discrepat
1132 2036 1228 2064 aetas
1246 2041 1256 2065 :

211 2093 368 2144 Egregii
388 2092 549 2137 f01·mae;
580 2093 642 2130 sed
663 2095 745 2143 quis
764 2092 912 2130 fortuna
932 2101 1082 2142 negarat

210 2161 253 2197 In
275 2161 427 2211 patriam
446 2160 597 2198 reditus.
630 2162 735 2210 Ipsos
754 2173 969 2197 concurrere
989 2173 1113 2209 passus

210 2226 326 2263 Haud
347 2235 464 2264 tamen
484 2225 577 2263 inte-r
596 2240 632 2264 se
651 2225 774 2278 magni
793 2236 966 2277 regnator
986 2225 1142 2276 Olympi
1160 2240 1170 2262 :
