1455 2685
231 307 311 344 214
522 301 824 341 AENEIDOS
880 303 958 342 XI.
1142 318 1175 343 v.
1193 305 1282 347 774.

232 418 386 455 Aureus
405 428 450 452 ex
469 414 627 452 humeris
647 423 752 452 sonat
778 428 895 460 arcus,
924 423 961 452 et
980 428 1086 452 aurea
1104 415 1177 453 vati

233 484 405 529 Cassida;
419 492 498 520 tum
510 496 679 520 croceam
693 481 1013 532 chlamydemque,
1027 481 1194 534 sinusque
1205 477 1283 522 cre-

233 552 446 596 carbaseos,
459 549 560 587 fulvo
575 550 610 586 in
627 549 762 586 nodum
778 549 978 601 collegerat
991 565 1093 596 auro,
1137 552 1282 602 [pantis

233 619 361 656 Pictus
379 631 446 655 acu
467 616 622 661 tunicas,
650 625 687 654 et
707 616 858 654 barbara
878 618 1040 668 tegmina
1068 632 1227 657 crurum.

233 685 350 723 Hunc
370 684 486 735 virgo,
515 684 586 720 sive
606 692 648 721 ut
670 683 812 734 templis
832 685 1050 735 praefigeret
1078 698 1175 722 arma

232 752 363 795 Troia,
391 751 538 801 captivo
557 750 630 788 sive
650 759 691 788 ut
712 765 747 788 se
768 750 879 788 ferret
898 751 934 787 in
962 765 1066 796 auro,

232 817 426 861 venatrix,
453 831 565 855 unum
583 831 628 855 ex
648 817 745 854 omni
765 818 962 855 certamine
981 832 1128 870 pugnae

231 886 351 924 Caeca
370 885 592 935 sequebatur
608 900 618 928 ;
648 893 844 934 totumque
862 885 1010 923 incauta
1030 900 1095 936 per
1114 899 1244 938 agmen

232 952 404 992 Femineo
424 951 592 1002 praedae,
620 959 658 989 et
678 951 892 1002 spoliorum,
920 952 1071 990 ardebat
1090 966 1209 992 amore
1226 968 1237 991 ι

230 1019 369 1058 Telum
386 1033 431 1057 ex
446 1019 583 1056 insidiis
603 1033 718 1069 quum
737 1019 898 1064 tandem,
926 1027 1092 1070 tempore
1110 1029 1238 1071 capt0,

232 1087 425 1130 concitat,
452 1095 491 1124 et
512 1100 663 1136 superos
683 1086 831 1124 Arruns
851 1087 901 1124 sic
922 1101 1010 1124 voce
1029 1097 1230 1138 precatur:

231 1154 381 1192 Summe
400 1153 522 1200 deum,
554 1153 669 1190 sancti
689 1163 814 1191 custos
837 1154 1012 1200 Soractis,
1039 1154 1200 1205 Apollo,

228 1223 352 1271 Quem
371 1220 478 1271 primi
497 1220 663 1265 colimus,
691 1221 750 1259 cui
770 1221 899 1272 pineus
917 1222 1025 1259 ardor
1044 1236 1174 1260 acervo

231 1288 413 1331 Pascitur,
442 1297 479 1325 et
500 1287 672 1333 medium,
701 1288 785 1326 freti
804 1289 957 1339 pietate,
985 1289 1192 1341 perignem

230 1354 402 1394 Cultores
421 1354 537 1392 multa
555 1355 750 1405 premimus
770 1356 924 1407 vestigia
943 1370 1058 1406 pruna
1080 1372 1092 1402 3

231 1423 309 1467 Da,
340 1423 462 1466 Pater,
491 1422 561 1460 hoc
582 1422 715 1460 nostris
735 1422 870 1460 aboleri
890 1423 1047 1461 dedecus
1062 1425 1182 1470 armis,

233 1490 494 1540 Omnipotens.
551 1490 637 1528 Non
657 1489 819 1534 exuvias,
849 1489 1019 1540 pulsaeve
1038 1499 1229 1541 tropaeum

231 1556 408 1607 Virginis,
429 1565 494 1594 aut
515 1556 632 1607 spolia
651 1556 736 1601 ulla,
756 1565 864 1607 peto:
895 1557 983 1594 mihi
1002 1566 1122 1594 cetera
1139 1557 1283 1596 laudem

233 1623 347 1661 Facta
366 1623 495 1660 ferent.
553 1624 662 1661 Haec
683 1624 760 1661 dira
780 1638 861 1662 meo
881 1624 969 1662 dum
989 1623 1134 1662 volnere
1153 1624 1266 1675 pestis

231 1690 342 1729 Pulsa
356 1690 478 1735 cadat,
507 1690 641 1740 patrias
662 1691 829 1728 remeabo
849 1691 1027 1743 inglorius
1046 1691 1161 1729 urbis.

283 1756 422 1796 Audiit
450 1765 488 1794 et
507 1757 583 1795 voti
605 1758 778 1795 Phoebus
799 1759 992 1796 succedere
1020 1770 1163 1809 partem

232 1824 362 1863 Mente
381 1824 482 1862 dedit
501 1839 512 1870 ;
541 1832 683 1873 partem
702 1824 860 1862 volucris
880 1825 1049 1875 dispersit
1070 1825 1104 1862 in
1125 1839 1242 1864 auras.

233 1892 420 1930 Sterneret
439 1899 480 1928 ut
501 1891 621 1928 subita
640 1892 825 1929 turbatam
843 1901 961 1930 morte
981 1891 1185 1938 Camillam,

232 1958 381 1996 Annuit
400 1957 519 1996 oranti
535 1972 545 1996 x
577 1959 747 1996 reducem
767 1969 808 1997 ut
827 1959 946 2010 patria
966 1959 1040 1997 alta
1059 1959 1214 2004 videret,

232 2026 320 2064 Non
339 2025 459 2071 dedit3
481 2025 589 2075 inque
610 2035 717 2063 notos
737 2040 863 2064 vocem
882 2035 1023 2064 vertere
1043 2026 1238 2077 procellae.

234 2094 355 2144 Ergo,
373 2101 415 2129 ut
434 2092 540 2129 missa
554 2105 662 2130 manu
678 2093 836 2130 sonitum
851 2094 951 2131 dedit
963 2094 1068 2131 hasta
1082 2108 1149 2145 per
1166 2107 1284 2140 auras,

234 2160 455 2198 Convertere
475 2158 611 2196 animos
631 2159 736 2204 acris,
764 2159 964 2211 oculosque
983 2160 1113 2207 tulere,

236 2226 371 2268 Cuncti
390 2226 436 2263 ad
454 2225 616 2278 reginam
635 2226 779 2266 Volsci.
810 2226 913 2265 Nihil
932 2228 1011 2279 ipsa
1030 2241 1147 2279 neque
1165 2240 1285 2273 aurae,
