1455 2685
165 277 243 316 244
431 273 733 314 AENEIDOS
791 275 893 313 XII.
1076 290 1108 312 v.
1124 278 1220 316 687.

169 387 305 431 'Fertur
323 386 358 423 in
380 387 577 437 abruptum
598 401 730 439 magno
751 402 853 424 mons
874 387 1062 437 improbus
1082 396 1181 431 actu,

169 453 418 505 Exsultatque
438 453 542 500 solo;
574 455 691 498 silvas,
713 466 886 498 armenta,
908 455 1086 504 virosque,

172 520 366 558 Involvens
386 535 507 558 secum
525 537 534 558 ι
566 521 715 573 disjecta
735 536 801 571 per
821 522 966 572 agmina
986 522 1137 558 Turnus

173 587 236 626 Sic
258 588 357 625 urbis
377 588 449 624 ruit
471 588 516 624 ad
537 601 673 631 muros,
694 588 756 624 ubi
777 586 932 637 plurima
953 586 1036 624 fuso

173 653 360 705 Sanguine
381 663 475 690 terra
494 654 628 697 madet,
650 654 880 703 striduntque
896 654 1086 691 hastilibus
1102 668 1222 699 aurae3

173 720 440 771 Significatque
460 733 582 764 manu,
603 728 640 756 et
662 733 794 770 magno
815 719 921 756 simul
940 720 1069 770 incipit
1091 735 1178 757 ore:

173 786 321 824 Parcite
336 788 425 838 jam,
449 786 582 823 Rutuli
601 802 612 831 ;
642 795 679 822 et
694 800 756 822 vos
777 786 851 823 tela
870 786 1046 831 inhibete,
1068 787 1195 824 Latini
1214 803 1223 831 ;

172 854 439 903 Quaecumque
451 862 506 890 est
520 853 700 896 Fortuna,
722 867 800 889 mea
815 862 889 898 est3
910 867 966 890 me
982 854 1097 891 verius
1114 867 1225 891 unum

172 921 248 958 Pro
268 920 370 957 vobis
390 918 519 956 foedus
538 918 652 963 luere,
673 928 711 955 et
732 919 924 956 decernere
946 919 1054 957 ferro.

172 986 384 1024 Discessere
403 999 527 1022 omnes
548 985 668 1029 medii,
690 986 922 1035 spatiumque
942 986 1088 1023 dedere.

226 1053 287 1090 At
308 1062 412 1103 pater
432 1053 594 1096 Aeneas,
615 1052 742 1088 audito
763 1052 907 1089 nomine
932 1053 1067 1098 Turni,

172 1119 325 1158 Deserit
343 1128 381 1156 et
400 1133 536 1162 muros,
556 1128 593 1156 et
614 1133 769 1156 summas
790 1119 921 1156 deserit
948 1121 1039 1157 arcis
1056 1136 1067 1165 ;

174 1185 476 1235 Praecipitatque
496 1199 613 1228 moras
634 1186 750 1223 omnis
769 1204 778 1232 ;
809 1200 919 1236 opera
939 1187 1059 1223 omnia
1080 1187 1230 1237 rumpit,

174 1253 341 1291 Laetitia
359 1252 543 1290 exsultans
562 1268 573 1298 ;
604 1253 901 1303 horrendumque
930 1254 1075 1290 intonat
1095 1254 1226 1291 armis:

175 1322 347 1371 Quantus
364 1320 506 1364 Athos,
527 1330 591 1357 aut
608 1329 765 1369 quantus
782 1320 903 1371 Eryx,
925 1330 986 1358 aut
1003 1321 1091 1371 ipse,
1108 1335 1233 1358 corus-

176 1390 304 1438 Quum
320 1387 442 1424 fremit
456 1386 615 1431 ilicibus,
628 1396 800 1436 quantus,
812 1387 1022 1437 gaudetque
1037 1387 1141 1423 nivali
1160 1387 1234 1437 [cis

175 1455 328 1493 Vertice
351 1468 386 1491 se
408 1453 591 1496 attollens,
618 1463 722 1503 pater
742 1454 1003 1503 Appenninus,
1023 1454 1069 1490 ad
1088 1468 1205 1491 auras.

229 1523 311 1560 Jam
333 1536 416 1559 vero
436 1531 473 1558 et
497 1520 630 1561 Rutuli
651 1521 831 1564 certatim,
846 1530 883 1557 ct
899 1519 1033 1565 Troes,
1053 1530 1089 1558 et
1107 1535 1229 1558 omnes

177 1591 403 1628 Convertere
424 1587 551 1625 oculos
574 1587 673 1631 ltali,
703 1588 840 1637 quique
862 1588 935 1624 alta
954 1588 1129 1625 tenebant

177 1655 343 1700 Moenia,
364 1656 500 1706 quique
519 1643 610 1691 imos
631 1653 824 1704 pulsabant
845 1654 957 1692 ariete
977 1669 1098 1692 muros
1118 1671 1128 1700 ;

177 1724 375 1772 Armaque
396 1722 594 1772 deposuere
614 1721 785 1759 humeris.
818 1723 954 1772 Stupet
969 1722 1045 1772 ipse
1066 1722 1236 1768 Latinus,

180 1790 365 1842 Ingentis,
386 1789 532 1841 genitos
552 1788 699 1825 diversis
719 1788 885 1837 partibus
906 1789 1019 1833 orbis,

181 1857 288 1895 Inter
307 1871 343 1894 se
364 1856 491 1894 coiisse
512 1855 620 1900 viros,
640 1863 677 1892 et
692 1868 838 1892 cernere
858 1854 967 1891 ferro.

179 1925 315 1973 Atque
335 1922 400 1965 illi,
422 1932 463 1960 ut
484 1936 599 1960 vacuo
620 1931 819 1972 patuerunt
839 1935 996 1972 aequore
1017 1922 1148 1972 campi,

179 1991 366 2028 Procursu
387 1990 529 2040 rapido,
551 1989 726 2041 conjectis
747 1989 886 2026 eminus
907 1988 1035 2032 hastis,

181 2058 368 2096 Invadunt
390 2058 552 2096 Martem
572 2057 713 2107 clipeis,
734 2066 845 2106 atque
866 2070 946 2093 aere
967 2070 1112 2093 sonoro.

178 2125 261 2163 Dat
283 2124 462 2176 gemitum
487 2124 595 2161 tellus
613 2139 623 2161 ε
655 2133 735 2160 tum
755 2124 903 2161 crebros
923 2124 1070 2160 ensibus
1091 2123 1187 2160 ictus

180 2191 452 2244 Congeminant
470 2206 480 2231 ε
510 2191 587 2231 fors
606 2202 644 2230 et
664 2191 777 2230 virtus
799 2191 999 2232 miscentur
1017 2190 1052 2228 in
1074 2203 1200 2237 unum„
