<?xml version="1.0" encoding="UTF-8"?>
<!DOCTYPE html PUBLIC "-//W3C//DTD XHTML 1.0 Transitional//EN"
    "http://www.w3.org/TR/xhtml1/DTD/xhtml1-transitional.dtd">
<html xmlns="http://www.w3.org/1999/xhtml" xml:lang="en" lang="en">
 <head>
  <title>
</title>
<meta http-equiv="Content-Type" content="text/html;charset=utf-8" />
  <meta name='ocr-system' content='tesseract 3.04.00' />
  <meta name='ocr-capabilities' content='ocr_page ocr_carea ocr_par ocr_line ocrx_word'/>
</head>
<body>
  <div class='ocr_page' id='page_1' title='image "./operahun02virguoft_0213.png"; bbox 0 0 1455 2685; ppageno 0'>
   <div class='ocr_carea' id='block_1_1' title="bbox 172 328 1225 372">
    <p class='ocr_par' dir='ltr' id='par_1_1' title="bbox 172 328 1225 372">
     <span class='ocr_line' id='line_1_1' title="bbox 172 328 1225 372; baseline 0.002 -3"><span class='ocrx_word' id='word_1_1' title='bbox 172 343 208 369; x_wconf 60' lang='grc' dir='ltr'>ι’.</span> <span class='ocrx_word' id='word_1_2' title='bbox 227 331 315 368; x_wconf 72' lang='grc'><em>523.</em></span> <span class='ocrx_word' id='word_1_3' title='bbox 479 328 781 367; x_wconf 89' lang='lat' dir='ltr'>AENEIDOS</span> <span class='ocrx_word' id='word_1_4' title='bbox 840 331 916 368; x_wconf 87' lang='lat' dir='ltr'>XI.</span> <span class='ocrx_word' id='word_1_5' title='bbox 1148 334 1225 372; x_wconf 77' lang='lat'>205</span> 
     </span>
    </p>
   </div>
   <div class='ocr_carea' id='block_1_2' title="bbox 150 438 1227 2295">
    <p class='ocr_par' dir='ltr' id='par_1_2' title="bbox 150 438 1227 2295">
     <span class='ocr_line' id='line_1_2' title="bbox 176 438 1202 490; baseline 0.005 -14"><span class='ocrx_word' id='word_1_6' title='bbox 176 438 459 490; x_wconf 81' lang='lat' dir='ltr'>Armorumque</span> <span class='ocrx_word' id='word_1_7' title='bbox 479 439 586 484; x_wconf 87' lang='lat' dir='ltr'>dolis,</span> <span class='ocrx_word' id='word_1_8' title='bbox 607 453 716 490; x_wconf 87' lang='lat' dir='ltr'>quam</span> <span class='ocrx_word' id='word_1_9' title='bbox 735 440 854 478; x_wconf 89' lang='lat' dir='ltr'>densis</span> <span class='ocrx_word' id='word_1_10' title='bbox 873 439 1064 479; x_wconf 86' lang='lat' dir='ltr'>frondibus</span> <span class='ocrx_word' id='word_1_11' title='bbox 1083 452 1202 481; x_wconf 87' lang='lat' dir='ltr'>atrum</span> 
     </span>
     <span class='ocr_line' id='line_1_3' title="bbox 176 506 1200 557; baseline 0.004 -14"><span class='ocrx_word' id='word_1_12' title='bbox 176 507 328 557; x_wconf 83' lang='lat' dir='ltr'>Urguet</span> <span class='ocrx_word' id='word_1_13' title='bbox 349 506 532 556; x_wconf 80' lang='lat' dir='ltr'>utrimque</span> <span class='ocrx_word' id='word_1_14' title='bbox 552 506 672 552; x_wconf 89' lang='lat' dir='ltr'>latus;</span> <span class='ocrx_word' id='word_1_15' title='bbox 701 507 819 544; x_wconf 87' lang='lat' dir='ltr'>tenuis</span> <span class='ocrx_word' id='word_1_16' title='bbox 829 521 913 557; x_wconf 71' lang='lat' dir='ltr'>=quo</span> <span class='ocrx_word' id='word_1_17' title='bbox 934 508 1059 547; x_wconf 85' lang='lat' dir='ltr'>semita</span> <span class='ocrx_word' id='word_1_18' title='bbox 1083 509 1200 555; x_wconf 87' lang='lat' dir='ltr'>ducit,</span> 
     </span>
     <span class='ocr_line' id='line_1_4' title="bbox 178 572 1142 626; baseline 0.001 -15"><span class='ocrx_word' id='word_1_19' title='bbox 178 574 453 625; x_wconf 79' lang='lat' dir='ltr'>Angustaeque</span> <span class='ocrx_word' id='word_1_20' title='bbox 473 573 594 610; x_wconf 89' lang='lat' dir='ltr'>ferunt</span> <span class='ocrx_word' id='word_1_21' title='bbox 615 572 749 617; x_wconf 81' lang='lat' dir='ltr'>fauces,</span> <span class='ocrx_word' id='word_1_22' title='bbox 769 573 961 623; x_wconf 76' lang='lat' dir='ltr'>aditusque</span> <span class='ocrx_word' id='word_1_23' title='bbox 981 574 1142 626; x_wconf 77' lang='lat' dir='ltr'><strong>maligni.</strong></span> 
     </span>
     <span class='ocr_line' id='line_1_5' title="bbox 176 638 1227 690; baseline 0.005 -15"><span class='ocrx_word' id='word_1_24' title='bbox 176 640 290 677; x_wconf 83' lang='lat' dir='ltr'>Hane</span> <span class='ocrx_word' id='word_1_25' title='bbox 304 653 426 689; x_wconf 89' lang='lat' dir='ltr'>super,</span> <span class='ocrx_word' id='word_1_26' title='bbox 441 639 475 675; x_wconf 91' lang='lat' dir='ltr'>in</span> <span class='ocrx_word' id='word_1_27' title='bbox 489 638 644 689; x_wconf 82' lang='lat' dir='ltr'>speculis</span> <span class='ocrx_word' id='word_1_28' title='bbox 657 653 870 690; x_wconf 87' lang='lat' dir='ltr'>summoque</span> <span class='ocrx_word' id='word_1_29' title='bbox 884 641 919 676; x_wconf 90' lang='lat' dir='ltr'>in</span> <span class='ocrx_word' id='word_1_30' title='bbox 934 641 1067 679; x_wconf 85' lang='lat' dir='ltr'>vertice</span> <span class='ocrx_word' id='word_1_31' title='bbox 1081 643 1227 688; x_wconf 89' lang='lat' dir='ltr'>montis,</span> 
     </span>
     <span class='ocr_line' id='line_1_6' title="bbox 172 706 1002 758; baseline 0.001 -14"><span class='ocrx_word' id='word_1_32' title='bbox 172 706 344 744; x_wconf 75' lang='lat' dir='ltr'>Planities</span> <span class='ocrx_word' id='word_1_33' title='bbox 364 706 491 757; x_wconf 84' lang='lat' dir='ltr'>ignota</span> <span class='ocrx_word' id='word_1_34' title='bbox 505 707 617 758; x_wconf 85' lang='lat' dir='ltr'>jacet,</span> <span class='ocrx_word' id='word_1_35' title='bbox 637 706 783 756; x_wconf 88' lang='lat' dir='ltr'>tutique</span> <span class='ocrx_word' id='word_1_36' title='bbox 804 716 975 757; x_wconf 88' lang='lat' dir='ltr'>receptus</span> <span class='ocrx_word' id='word_1_37' title='bbox 994 723 1002 745; x_wconf 80' lang='lat' dir='ltr'><strong><em>z</em></strong></span> 
     </span>
     <span class='ocr_line' id='line_1_7' title="bbox 173 772 1099 825; baseline 0.002 -15"><span class='ocrx_word' id='word_1_38' title='bbox 173 774 243 811; x_wconf 87' lang='lat' dir='ltr'>Seu</span> <span class='ocrx_word' id='word_1_39' title='bbox 265 774 395 810; x_wconf 85' lang='lat' dir='ltr'>dextra</span> <span class='ocrx_word' id='word_1_40' title='bbox 414 772 587 823; x_wconf 88' lang='lat' dir='ltr'>laevaque</span> <span class='ocrx_word' id='word_1_41' title='bbox 608 773 693 809; x_wconf 86' lang='lat' dir='ltr'>velis</span> <span class='ocrx_word' id='word_1_42' title='bbox 713 787 905 810; x_wconf 88' lang='lat' dir='ltr'>occurrere</span> <span class='ocrx_word' id='word_1_43' title='bbox 926 788 1070 825; x_wconf 84' lang='lat' dir='ltr'>pugnae</span> <span class='ocrx_word' id='word_1_44' title='bbox 1088 793 1099 822; x_wconf 70' lang='grc' dir='ltr'><strong>ς</strong></span> 
     </span>
     <span class='ocr_line' id='line_1_8' title="bbox 172 839 1045 891; baseline 0.001 -15"><span class='ocrx_word' id='word_1_45' title='bbox 172 839 255 876; x_wconf 88' lang='lat' dir='ltr'>Sive</span> <span class='ocrx_word' id='word_1_46' title='bbox 276 839 408 877; x_wconf 81' lang='lat' dir='ltr'>instare</span> <span class='ocrx_word' id='word_1_47' title='bbox 423 839 536 890; x_wconf 87' lang='lat' dir='ltr'>jugis,</span> <span class='ocrx_word' id='word_1_48' title='bbox 556 849 592 876; x_wconf 89' lang='lat' dir='ltr'>et</span> <span class='ocrx_word' id='word_1_49' title='bbox 615 839 765 891; x_wconf 79' lang='lat' dir='ltr'>grandia</span> <span class='ocrx_word' id='word_1_50' title='bbox 785 839 928 876; x_wconf 86' lang='lat' dir='ltr'>volvere</span> <span class='ocrx_word' id='word_1_51' title='bbox 948 854 1045 878; x_wconf 83' lang='lat' dir='ltr'>saxa.</span> 
     </span>
     <span class='ocr_line' id='line_1_9' title="bbox 171 905 1019 957; baseline -0.002 -13"><span class='ocrx_word' id='word_1_52' title='bbox 171 906 263 944; x_wconf 90' lang='lat' dir='ltr'>Huc</span> <span class='ocrx_word' id='word_1_53' title='bbox 279 905 420 957; x_wconf 87' lang='lat' dir='ltr'>juvenis</span> <span class='ocrx_word' id='word_1_54' title='bbox 442 915 528 942; x_wconf 88' lang='lat' dir='ltr'>nota</span> <span class='ocrx_word' id='word_1_55' title='bbox 547 905 664 942; x_wconf 86' lang='lat' dir='ltr'>fertur</span> <span class='ocrx_word' id='word_1_56' title='bbox 683 905 831 956; x_wconf 82' lang='lat' dir='ltr'><strong>regione</strong></span> <span class='ocrx_word' id='word_1_57' title='bbox 853 906 989 943; x_wconf 86' lang='lat' dir='ltr'>viarum</span> <span class='ocrx_word' id='word_1_58' title='bbox 1007 922 1019 952; x_wconf 91' lang='lat'>;</span> 
     </span>
     <span class='ocr_line' id='line_1_10' title="bbox 170 971 1065 1023; baseline 0 -12"><span class='ocrx_word' id='word_1_59' title='bbox 170 973 426 1023; x_wconf 83' lang='lat' dir='ltr'>Arripuitque</span> <span class='ocrx_word' id='word_1_60' title='bbox 444 971 580 1018; x_wconf 88' lang='lat' dir='ltr'>locum,</span> <span class='ocrx_word' id='word_1_61' title='bbox 600 982 637 1010; x_wconf 90' lang='lat' dir='ltr'>et</span> <span class='ocrx_word' id='word_1_62' title='bbox 657 972 751 1010; x_wconf 90' lang='lat' dir='ltr'>silvis</span> <span class='ocrx_word' id='word_1_63' title='bbox 770 973 901 1010; x_wconf 84' lang='lat' dir='ltr'><strong>insedit</strong></span> <span class='ocrx_word' id='word_1_64' title='bbox 921 973 1065 1023; x_wconf 83' lang='lat' dir='ltr'>iniquiS.</span> 
     </span>
     <span class='ocr_line' id='line_1_11' title="bbox 221 1040 1114 1090; baseline 0 -13"><span class='ocrx_word' id='word_1_65' title='bbox 221 1040 400 1078; x_wconf 82' lang='lat' dir='ltr'>Velocem</span> <span class='ocrx_word' id='word_1_66' title='bbox 419 1040 567 1084; x_wconf 80' lang='lat' dir='ltr'>interea,</span> <span class='ocrx_word' id='word_1_67' title='bbox 587 1040 728 1089; x_wconf 84' lang='lat' dir='ltr'>superis</span> <span class='ocrx_word' id='word_1_68' title='bbox 747 1040 781 1075; x_wconf 93' lang='lat' dir='ltr'>in</span> <span class='ocrx_word' id='word_1_69' title='bbox 803 1040 963 1084; x_wconf 79' lang='lat' dir='ltr'>sedibus,</span> <span class='ocrx_word' id='word_1_70' title='bbox 985 1040 1114 1090; x_wconf 86' lang='lat' dir='ltr'>Opim,</span> 
     </span>
     <span class='ocr_line' id='line_1_12' title="bbox 167 1106 1089 1158; baseline -0.001 -14"><span class='ocrx_word' id='word_1_71' title='bbox 167 1107 292 1145; x_wconf 79' lang='lat' dir='ltr'>Unam</span> <span class='ocrx_word' id='word_1_72' title='bbox 311 1120 356 1143; x_wconf 82' lang='lat' dir='ltr'>ex</span> <span class='ocrx_word' id='word_1_73' title='bbox 379 1106 578 1158; x_wconf 89' lang='lat' dir='ltr'>virginibus</span> <span class='ocrx_word' id='word_1_74' title='bbox 599 1106 718 1150; x_wconf 86' lang='lat' dir='ltr'>sociis,</span> <span class='ocrx_word' id='word_1_75' title='bbox 740 1119 912 1156; x_wconf 88' lang='lat' dir='ltr'>sacraque</span> <span class='ocrx_word' id='word_1_76' title='bbox 932 1115 1089 1151; x_wconf 87' lang='lat' dir='ltr'>caterva,</span> 
     </span>
     <span class='ocr_line' id='line_1_13' title="bbox 166 1172 1003 1224; baseline -0.001 -13"><span class='ocrx_word' id='word_1_77' title='bbox 166 1173 423 1224; x_wconf 88' lang='lat' dir='ltr'>Compellabat</span> <span class='ocrx_word' id='word_1_78' title='bbox 442 1182 479 1210; x_wconf 89' lang='lat' dir='ltr'>et</span> <span class='ocrx_word' id='word_1_79' title='bbox 498 1173 562 1210; x_wconf 87' lang='lat' dir='ltr'>has</span> <span class='ocrx_word' id='word_1_80' title='bbox 582 1173 697 1210; x_wconf 86' lang='lat' dir='ltr'>tristis</span> <span class='ocrx_word' id='word_1_81' title='bbox 717 1172 879 1210; x_wconf 87' lang='lat' dir='ltr'>Latonia</span> <span class='ocrx_word' id='word_1_82' title='bbox 899 1186 1003 1210; x_wconf 87' lang='lat' dir='ltr'>voces</span> 
     </span>
     <span class='ocr_line' id='line_1_14' title="bbox 166 1236 1193 1288; baseline 0.003 -12"><span class='ocrx_word' id='word_1_83' title='bbox 166 1240 244 1277; x_wconf 87' lang='lat' dir='ltr'>Ore</span> <span class='ocrx_word' id='word_1_84' title='bbox 264 1240 400 1288; x_wconf 83' lang='lat' dir='ltr'>dabat:</span> <span class='ocrx_word' id='word_1_85' title='bbox 433 1236 615 1278; x_wconf 84' lang='lat' dir='ltr'>Graditur</span> <span class='ocrx_word' id='word_1_86' title='bbox 633 1239 769 1276; x_wconf 88' lang='lat' dir='ltr'>bellum</span> <span class='ocrx_word' id='word_1_87' title='bbox 790 1239 836 1276; x_wconf 86' lang='lat' dir='ltr'>ad</span> <span class='ocrx_word' id='word_1_88' title='bbox 855 1239 1001 1276; x_wconf 90' lang='lat' dir='ltr'>crudele</span> <span class='ocrx_word' id='word_1_89' title='bbox 1026 1241 1193 1287; x_wconf 82' lang='lat' dir='ltr'>Camilla,</span> 
     </span>
     <span class='ocr_line' id='line_1_15' title="bbox 164 1306 1165 1357; baseline 0.001 -13"><span class='ocrx_word' id='word_1_90' title='bbox 164 1306 200 1344; x_wconf 95' lang='lat' dir='ltr'>O</span> <span class='ocrx_word' id='word_1_91' title='bbox 221 1306 325 1357; x_wconf 72' lang='lat' dir='ltr'>,virgo</span> <span class='ocrx_word' id='word_1_92' title='bbox 344 1309 352 1344; x_wconf 89' lang='lat'>!</span> <span class='ocrx_word' id='word_1_93' title='bbox 386 1315 423 1344; x_wconf 88' lang='lat' dir='ltr'>et</span> <span class='ocrx_word' id='word_1_94' title='bbox 444 1306 575 1344; x_wconf 88' lang='lat' dir='ltr'>nostris</span> <span class='ocrx_word' id='word_1_95' title='bbox 596 1306 841 1356; x_wconf 80' lang='lat' dir='ltr'>nequidquam</span> <span class='ocrx_word' id='word_1_96' title='bbox 861 1306 1022 1357; x_wconf 88' lang='lat' dir='ltr'>cingitur</span> <span class='ocrx_word' id='word_1_97' title='bbox 1044 1308 1165 1352; x_wconf 83' lang='lat' dir='ltr'>armis,</span> 
     </span>
     <span class='ocr_line' id='line_1_16' title="bbox 161 1374 1216 1423; baseline 0.002 -12"><span class='ocrx_word' id='word_1_98' title='bbox 161 1374 256 1412; x_wconf 87' lang='lat' dir='ltr'>Cara</span> <span class='ocrx_word' id='word_1_99' title='bbox 277 1374 363 1410; x_wconf 82' lang='lat' dir='ltr'>mihi</span> <span class='ocrx_word' id='word_1_100' title='bbox 383 1383 466 1411; x_wconf 87' lang='lat' dir='ltr'>ante</span> <span class='ocrx_word' id='word_1_101' title='bbox 481 1374 585 1412; x_wconf 84' lang='lat' dir='ltr'>alias:</span> <span class='ocrx_word' id='word_1_102' title='bbox 608 1388 723 1423; x_wconf 87' lang='lat' dir='ltr'>neque</span> <span class='ocrx_word' id='word_1_103' title='bbox 743 1374 837 1410; x_wconf 87' lang='lat' dir='ltr'>enim</span> <span class='ocrx_word' id='word_1_104' title='bbox 859 1388 972 1410; x_wconf 76' lang='lat' dir='ltr'>novus</span> <span class='ocrx_word' id='word_1_105' title='bbox 987 1375 1054 1412; x_wconf 82' lang='lat' dir='ltr'>iste</span> <span class='ocrx_word' id='word_1_106' title='bbox 1071 1375 1216 1414; x_wconf 82' lang='lat' dir='ltr'>Dianae</span> 
     </span>
     <span class='ocr_line' id='line_1_17' title="bbox 162 1440 1172 1492; baseline 0.003 -15"><span class='ocrx_word' id='word_1_107' title='bbox 162 1440 277 1477; x_wconf 83' lang='lat' dir='ltr'>Venit</span> <span class='ocrx_word' id='word_1_108' title='bbox 297 1454 412 1485; x_wconf 83' lang='lat' dir='ltr'>amor,</span> <span class='ocrx_word' id='word_1_109' title='bbox 441 1441 636 1492; x_wconf 89' lang='lat' dir='ltr'>subitaque</span> <span class='ocrx_word' id='word_1_110' title='bbox 655 1441 813 1477; x_wconf 87' lang='lat' dir='ltr'>animum</span> <span class='ocrx_word' id='word_1_111' title='bbox 835 1440 1024 1479; x_wconf 86' lang='lat' dir='ltr'>dulcedine</span> <span class='ocrx_word' id='word_1_112' title='bbox 1044 1443 1172 1484; x_wconf 88' lang='lat' dir='ltr'>movit.</span> 
     </span>
     <span class='ocr_line' id='line_1_18' title="bbox 161 1506 1110 1559; baseline 0.003 -16"><span class='ocrx_word' id='word_1_113' title='bbox 161 1506 292 1544; x_wconf 86' lang='lat' dir='ltr'>Pulsus</span> <span class='ocrx_word' id='word_1_114' title='bbox 313 1508 362 1544; x_wconf 95' lang='lat' dir='ltr'>ob</span> <span class='ocrx_word' id='word_1_115' title='bbox 382 1508 552 1544; x_wconf 87' lang='lat' dir='ltr'>invidiam</span> <span class='ocrx_word' id='word_1_116' title='bbox 573 1522 705 1559; x_wconf 86' lang='lat' dir='ltr'>regno,</span> <span class='ocrx_word' id='word_1_117' title='bbox 733 1508 897 1557; x_wconf 75' lang='lat' dir='ltr'>viresque</span> <span class='ocrx_word' id='word_1_118' title='bbox 923 1509 1110 1558; x_wconf 87' lang='lat' dir='ltr'>superbas,</span> 
     </span>
     <span class='ocr_line' id='line_1_19' title="bbox 158 1573 1142 1624; baseline 0.002 -13"><span class='ocrx_word' id='word_1_119' title='bbox 158 1573 332 1611; x_wconf 85' lang='lat' dir='ltr'>Priverno</span> <span class='ocrx_word' id='word_1_120' title='bbox 353 1574 502 1624; x_wconf 87' lang='lat' dir='ltr'>antiqua</span> <span class='ocrx_word' id='word_1_121' title='bbox 523 1574 700 1612; x_wconf 82' lang='lat' dir='ltr'>Metabus</span> <span class='ocrx_word' id='word_1_122' title='bbox 721 1588 805 1611; x_wconf 90' lang='lat' dir='ltr'>cum</span> <span class='ocrx_word' id='word_1_123' title='bbox 825 1575 1016 1611; x_wconf 84' lang='lat' dir='ltr'>excederet</span> <span class='ocrx_word' id='word_1_124' title='bbox 1038 1576 1142 1621; x_wconf 88' lang='lat' dir='ltr'>urbe,</span> 
     </span>
     <span class='ocr_line' id='line_1_20' title="bbox 159 1639 1054 1694; baseline 0.001 -18"><span class='ocrx_word' id='word_1_125' title='bbox 159 1639 356 1685; x_wconf 77' lang='lat' dir='ltr'>Infantem,</span> <span class='ocrx_word' id='word_1_126' title='bbox 378 1640 527 1694; x_wconf 40' lang='lat' dir='ltr'>fugiens·</span> <span class='ocrx_word' id='word_1_127' title='bbox 541 1641 658 1678; x_wconf 80' lang='lat' dir='ltr'>media</span> <span class='ocrx_word' id='word_1_128' title='bbox 678 1642 774 1677; x_wconf 88' lang='lat' dir='ltr'>inter</span> <span class='ocrx_word' id='word_1_129' title='bbox 794 1639 933 1690; x_wconf 87' lang='lat' dir='ltr'>proelia</span> <span class='ocrx_word' id='word_1_130' title='bbox 954 1640 1054 1686; x_wconf 88' lang='lat' dir='ltr'>belli,</span> 
     </span>
     <span class='ocr_line' id='line_1_21' title="bbox 158 1706 1052 1756; baseline 0.001 -14"><span class='ocrx_word' id='word_1_131' title='bbox 158 1706 316 1743; x_wconf 81' lang='lat' dir='ltr'>Sustulit</span> <span class='ocrx_word' id='word_1_132' title='bbox 336 1707 463 1744; x_wconf 82' lang='lat' dir='ltr'>exsilio</span> <span class='ocrx_word' id='word_1_133' title='bbox 484 1708 670 1752; x_wconf 85' lang='lat' dir='ltr'>comitem,</span> <span class='ocrx_word' id='word_1_134' title='bbox 691 1707 888 1756; x_wconf 89' lang='lat' dir='ltr'>matrisque</span> <span class='ocrx_word' id='word_1_135' title='bbox 909 1707 1052 1744; x_wconf 89' lang='lat' dir='ltr'>vocavit</span> 
     </span>
     <span class='ocr_line' id='line_1_22' title="bbox 156 1772 1064 1824; baseline 0.001 -15"><span class='ocrx_word' id='word_1_136' title='bbox 156 1772 315 1810; x_wconf 87' lang='lat' dir='ltr'>Nomine</span> <span class='ocrx_word' id='word_1_137' title='bbox 336 1773 543 1818; x_wconf 85' lang='lat' dir='ltr'>Casmillae,</span> <span class='ocrx_word' id='word_1_138' title='bbox 563 1783 703 1814; x_wconf 85' lang='lat' dir='ltr'>mutata</span> <span class='ocrx_word' id='word_1_139' title='bbox 724 1782 842 1824; x_wconf 83' lang='lat' dir='ltr'>parte,</span> <span class='ocrx_word' id='word_1_140' title='bbox 863 1773 1064 1813; x_wconf 78' lang='lat' dir='ltr'>Camillam.</span> 
     </span>
     <span class='ocr_line' id='line_1_23' title="bbox 157 1840 1103 1892; baseline 0.002 -15"><span class='ocrx_word' id='word_1_141' title='bbox 157 1840 258 1890; x_wconf 84' lang='lat' dir='ltr'>Ipse,</span> <span class='ocrx_word' id='word_1_142' title='bbox 279 1841 358 1878; x_wconf 85' lang='lat' dir='ltr'>sinu</span> <span class='ocrx_word' id='word_1_143' title='bbox 378 1854 464 1891; x_wconf 89' lang='lat' dir='ltr'>prae</span> <span class='ocrx_word' id='word_1_144' title='bbox 485 1855 521 1879; x_wconf 85' lang='lat' dir='ltr'>se</span> <span class='ocrx_word' id='word_1_145' title='bbox 541 1850 704 1891; x_wconf 89' lang='lat' dir='ltr'>portans,</span> <span class='ocrx_word' id='word_1_146' title='bbox 721 1843 812 1892; x_wconf 84' lang='lat' dir='ltr'>juga</span> <span class='ocrx_word' id='word_1_147' title='bbox 824 1840 933 1892; x_wconf 85' lang='lat' dir='ltr'>longa</span> <span class='ocrx_word' id='word_1_148' title='bbox 952 1842 1103 1891; x_wconf 89' lang='lat' dir='ltr'>petebat</span> 
     </span>
     <span class='ocr_line' id='line_1_24' title="bbox 155 1907 1211 1958; baseline 0.001 -13"><span class='ocrx_word' id='word_1_149' title='bbox 155 1907 327 1945; x_wconf 81' lang='lat' dir='ltr'>solorum</span> <span class='ocrx_word' id='word_1_150' title='bbox 348 1922 560 1946; x_wconf 85' lang='lat' dir='ltr'>nemorum:</span> <span class='ocrx_word' id='word_1_151' title='bbox 582 1908 655 1946; x_wconf 88' lang='lat' dir='ltr'>tela</span> <span class='ocrx_word' id='word_1_152' title='bbox 675 1908 835 1958; x_wconf 89' lang='lat' dir='ltr'>undique</span> <span class='ocrx_word' id='word_1_153' title='bbox 856 1921 958 1944; x_wconf 82' lang='lat' dir='ltr'>saeva</span> <span class='ocrx_word' id='word_1_154' title='bbox 981 1908 1211 1958; x_wconf 81' lang='lat' dir='ltr'>premebant,</span> 
     </span>
     <span class='ocr_line' id='line_1_25' title="bbox 154 1974 974 2013; baseline -0.002 -1"><span class='ocrx_word' id='word_1_155' title='bbox 154 1975 208 2012; x_wconf 87' lang='lat' dir='ltr'>Et</span> <span class='ocrx_word' id='word_1_156' title='bbox 229 1975 453 2013; x_wconf 85' lang='lat' dir='ltr'>circumfuso</span> <span class='ocrx_word' id='word_1_157' title='bbox 474 1975 676 2012; x_wconf 85' lang='lat' dir='ltr'>volitabant</span> <span class='ocrx_word' id='word_1_158' title='bbox 698 1975 812 2012; x_wconf 88' lang='lat' dir='ltr'>milite</span> <span class='ocrx_word' id='word_1_159' title='bbox 833 1974 974 2011; x_wconf 89' lang='lat' dir='ltr'>Volsci.</span> 
     </span>
     <span class='ocr_line' id='line_1_26' title="bbox 154 2041 1179 2093; baseline 0.003 -15"><span class='ocrx_word' id='word_1_160' title='bbox 154 2041 255 2078; x_wconf 82' lang='lat' dir='ltr'>Ecce</span> <span class='ocrx_word' id='word_1_161' title='bbox 273 2044 281 2079; x_wconf 89' lang='lat'>!</span> <span class='ocrx_word' id='word_1_162' title='bbox 315 2041 426 2093; x_wconf 84' lang='lat' dir='ltr'>fugae</span> <span class='ocrx_word' id='word_1_163' title='bbox 446 2042 580 2087; x_wconf 89' lang='lat' dir='ltr'>medio,</span> <span class='ocrx_word' id='word_1_164' title='bbox 597 2042 743 2079; x_wconf 89' lang='lat' dir='ltr'>summis</span> <span class='ocrx_word' id='word_1_165' title='bbox 760 2043 972 2079; x_wconf 84' lang='lat' dir='ltr'>Amasenus</span> <span class='ocrx_word' id='word_1_166' title='bbox 992 2042 1179 2080; x_wconf 77' lang='lat' dir='ltr'>abundans</span> 
     </span>
     <span class='ocr_line' id='line_1_27' title="bbox 154 2109 1017 2160; baseline 0.001 -16"><span class='ocrx_word' id='word_1_167' title='bbox 154 2109 357 2158; x_wconf 83' lang='lat' dir='ltr'>Spumabat</span> <span class='ocrx_word' id='word_1_168' title='bbox 378 2109 464 2160; x_wconf 85' lang='lat' dir='ltr'>ripis</span> <span class='ocrx_word' id='word_1_169' title='bbox 482 2126 492 2155; x_wconf 90' lang='lat'><strong>;</strong></span> <span class='ocrx_word' id='word_1_170' title='bbox 523 2119 646 2147; x_wconf 85' lang='lat' dir='ltr'>tantus</span> <span class='ocrx_word' id='word_1_171' title='bbox 666 2124 702 2146; x_wconf 87' lang='lat' dir='ltr'>se</span> <span class='ocrx_word' id='word_1_172' title='bbox 724 2109 882 2146; x_wconf 88' lang='lat' dir='ltr'>nubibus</span> <span class='ocrx_word' id='word_1_173' title='bbox 902 2109 1017 2146; x_wconf 85' lang='lat' dir='ltr'>imber</span> 
     </span>
     <span class='ocr_line' id='line_1_28' title="bbox 154 2175 1063 2226; baseline 0 -13"><span class='ocrx_word' id='word_1_174' title='bbox 154 2175 335 2225; x_wconf 87' lang='lat' dir='ltr'>Ruperat.</span> <span class='ocrx_word' id='word_1_175' title='bbox 367 2176 449 2222; x_wconf 85' lang='lat' dir='ltr'>llle,</span> <span class='ocrx_word' id='word_1_176' title='bbox 469 2177 591 2214; x_wconf 85' lang='lat' dir='ltr'>innare</span> <span class='ocrx_word' id='word_1_177' title='bbox 613 2190 754 2226; x_wconf 85' lang='lat' dir='ltr'>parans,</span> <span class='ocrx_word' id='word_1_178' title='bbox 775 2176 922 2213; x_wconf 79' lang='lat' dir='ltr'>infantis</span> <span class='ocrx_word' id='word_1_179' title='bbox 941 2190 1063 2213; x_wconf 86' lang='lat' dir='ltr'>amore</span> 
     </span>
     <span class='ocr_line' id='line_1_29' title="bbox 150 2241 1101 2295; baseline 0.004 -16"><span class='ocrx_word' id='word_1_180' title='bbox 150 2241 352 2290; x_wconf 70' lang='lat' dir='ltr'>Tan-datur,</span> <span class='ocrx_word' id='word_1_181' title='bbox 374 2257 533 2295; x_wconf 87' lang='lat' dir='ltr'>caroque</span> <span class='ocrx_word' id='word_1_182' title='bbox 552 2244 651 2283; x_wconf 86' lang='lat' dir='ltr'>oneri</span> <span class='ocrx_word' id='word_1_183' title='bbox 672 2244 791 2284; x_wconf 77' lang='lat' dir='ltr'>timet.</span> <span class='ocrx_word' id='word_1_184' title='bbox 823 2243 958 2281; x_wconf 86' lang='lat' dir='ltr'>Omnia</span> <span class='ocrx_word' id='word_1_185' title='bbox 979 2258 1101 2283; x_wconf 81' lang='lat' dir='ltr'>secum</span> 
     </span>
    </p>
   </div>
  </div>
 </body>
</html>
