1455 2685
185 341 219 369 v.
239 331 328 370 8‘27.
490 326 794 371 AENEIDOS
851 329 950 367 XII.
1161 332 1240 369 249

186 441 244 479 Sit
268 441 447 484 Romana,
475 448 606 490 potens
629 438 722 476 Itala
741 438 890 483 virtute,
920 453 1115 491 propago3

184 508 352 552 Occidit,
372 506 622 557 occideritque
642 506 734 543 sinas
753 520 837 543 cum
860 507 1018 550 nomine,
1039 507 1167 558 Troja.

239 573 317 612 Olli
339 574 526 612 subridens
545 573 732 611 hominum
752 587 945 623 rerumque
965 583 1152 623 repertor:

182 641 236 678 Et
257 655 426 692 germana
444 641 560 684 Jovis,
582 640 802 690 Saturnique
822 640 936 678 altera
957 640 1091 691 proles,

181 707 324 745 Irarum
342 717 464 745 tantos
483 707 596 744 volvis
617 708 683 745 sub
705 717 856 758 pectore
879 707 1011 745 fluctus
1028 708 1042 746 ?

178 775 317 811 Verum
336 787 419 826 age,
437 783 475 811 et
495 775 681 825 inceptum
702 774 836 811 frustra
856 774 1030 812 submitte
1051 774 1228 813 furorem.

177 841 260 887 Do,
276 843 376 892 quod
391 842 442 878 vis
459 857 470 886 ;
492 850 530 879 et
545 855 600 878 me
616 841 818 891 victusque,
838 840 1046 891 volensque,
1067 843 1228 880 remitto.

179 909 391 947 Sermonem
413 909 574 946 Ausonii
596 909 771 958 patrium,
800 923 1003 960 moresque,
1023 910 1231 956 tenebunt3

177 976 309 1026 thue
329 985 399 1020 est,
421 989 548 1013 nomen
567 976 637 1014 erit
655 991 665 1013 :
697 976 887 1013 commixti
909 990 1062 1027 corpore
1083 986 1229 1014 tantum

175 1042 378 1080 Subsident
397 1042 548 1080 Teucri.
579 1042 726 1080 Morem
743 1043 907 1093 ritusque
928 1056 1113 1080 sacrorum

174 1110 363 1161 Adjiciam
381 1125 392 1155 ;
421 1108 623 1159 faciamque
643 1109 758 1147 omnis
774 1123 846 1146 uno
866 1123 928 1146 ore
950 1109 1120 1148 Latinos.

175 1176 280 1214 Hinc
293 1189 420 1227 genus,
435 1176 607 1214 Ausonio
620 1176 776 1223 mixtum
789 1177 889 1226 quod
902 1190 960 1214 san
965 1177 1074 1227 guine
1088 1186 1229 1229 surget,

175 1245 295 1294 Supra
314 1243 492 1287 homines,
511 1256 620 1293 supra
639 1242 690 1280 ire
710 1243 799 1280 deos
818 1243 957 1293 pietate
978 1244 1115 1281 videbis
1131 1260 1142 1290 ;

169 1302 255 1348 ‚Nec
274 1323 363 1361 gens
382 1309 456 1347 ulla
474 1319 559 1347 tuos
579 1323 691 1360 aeque
712 1310 913 1348 celebrabit
933 1310 1104 1349 honores.

172 1377 323 1415 Annuit
341 1377 398 1415 his
415 1378 528 1421 Juno,
546 1385 586 1414 et
605 1386 764 1414 mentem
783 1377 918 1414 laetata
937 1377 1098 1416 retorsit.

175 1443 322 1481 Interea
340 1444 488 1482 excedit
508 1443 627 1490 coelo,
646 1444 852 1494 nubemque
872 1444 1057 1495 relinquit.

224 1510 301 1549 His
319 1511 424 1555 actis,
444 1510 544 1549 aliud
564 1511 727 1550 Genitor
747 1524 869 1549 secum
888 1512 964 1562 ipse
985 1511 1126 1550 volutat
1142 1527 1155 1559 ς,

169 1579 436 1628 Juturnamque
454 1587 558 1628 parat
578 1577 699 1615 fratris
718 1578 902 1616 dimittere
929 1578 975 1616 ab
996 1578 1115 1615 armis.

169 1645 360 1684 Dicuntur
379 1644 544 1696 geminae
563 1654 683 1694 pestes
702 1645 921 1696 cognomine
943 1645 1073 1689 Dirae,

167 1714 274 1762 Quas
293 1720 330 1749 et
350 1711 565 1749 Tartaream
587 1711 675 1749 Nox
695 1710 912 1761 intempesta
928 1711 1141 1764 Megaeram

169 1779 261 1818 Uno
279 1778 480 1829 eodemque
499 1777 584 1816 tulit
606 1787 728 1827 partu,
749 1778 970 1828 paribusque
989 1780 1146 1817 revinxit

170 1847 389 1896 Serpentum
409 1845 528 1896 spiris,
548 1855 788 1895 ventosasque
809 1846 951 1883 addidit
971 1845 1058 1884 alas.

168 1913 256 1952 Hae
275 1913 376 1951 Jovis
393 1913 441 1950 ad
461 1911 602 1959 solium,
622 1913 789 1963 saevique
807 1912 841 1950 in
863 1913 983 1950 limine
1002 1913 1114 1965 regis,

166 1981 379 2030 Apparent,
405 1990 615 2030 acuuntque
636 1990 773 2018 metum
796 1980 1014 2018 mortalibus
1032 1980 1164 2032 aegris,

171 2046 212 2085 Si
233 2047 381 2096 quando
401 2046 516 2085 letum
532 2048 756 2092 horrificum,
775 2048 1009 2098 morbosque,
1028 2049 1135 2087 deum
1154 2062 1219 2088 rex>

167 2112 340 2158 Molitur‚
370 2114 514 2152 meritas
532 2125 597 2153 aut
616 2115 714 2153 bello
734 2116 876 2152 territat
898 2115 1010 2152 urbis.

167 2179 316 2218 Harum
335 2194 441 2219 unam
460 2182 613 2220 celerem
636 2182 779 2219 demisit
799 2183 844 2220 ab
864 2182 1009 2220 aethere
1030 2196 1171 2219 summo

165 2247 327 2297 Jupiter,
346 2248 456 2298 inque
475 2263 581 2288 omen
601 2251 780 2288 Juturnae
800 2264 990 2290 occurrere
1005 2249 1127 2301 jussit.

223 2312 341 2352 Τοινι.
366 2314 424 2352 ΙΙ..
708 2316 728 2353 1
758 2316 771 2354 i
