1455 2685
486 513 531 552 Ρ.
562 512 821 554 VIRGILII
857 513 1126 554 MARONIS

325 683 1277 747 AENEIDUS

642 868 824 908 LIBER
881 868 959 907 XI.

269 1148 490 1187 ocenum
513 1148 651 1187 interea
671 1161 824 1201 surgens
842 1149 997 1186 Aurora
1016 1146 1176 1199 reliquit.

264 1217 428 1261 Aeneas,
441 1229 663 1267 quamquam
681 1225 720 1253 et
740 1215 849 1253 sociis
867 1216 953 1253 dare
965 1224 1111 1266 tempus
1126 1215 1320 1255 humandis

265 1282 515 1334 Praecipitant
534 1297 657 1328 curae,
686 1284 909 1334 turbataque
929 1283 1055 1321 funere
1075 1296 1175 1321 mens
1195 1292 1266 1329 est,

264 1349 366 1388 Vota
385 1351 493 1389 deum
514 1350 633 1401 primo
652 1350 771 1389 victor
789 1350 954 1388 solvebat
975 1350 1076 1388 Eoo.

264 1417 460 1470 Ingentem
479 1431 670 1470 quercum,
699 1417 828 1456 decisis
848 1417 1012 1467 undique
1033 1417 1158 1462 ramis,

263 1484 471 1524 Constituit
492 1484 653 1530 tumulo,
681 1484 934 1536 fulgentiaque
961 1483 1079 1521 induit
1098 1496 1210 1528 arma,

265 1550 435 1591 Mezenti
455 1553 559 1590 ducis
577 1552 754 1598 exuvias;
782 1551 866 1596 tibi,
893 1564 1038 1602 magne,
1066 1559 1274 1601 tropaeum,

263 1618 493 1670 Bellipotens
510 1635 520 1658 ι
551 1629 656 1671 aptat
677 1619 831 1657 rorantis
851 1618 1026 1670 sanguine
1045 1618 1189 1663 cristas,

262 1684 431 1736 Telaque
450 1695 581 1725 trunca
600 1686 679 1732 viri,
706 1695 745 1725 et
764 1687 820 1724 bis
840 1700 902 1725 sex
923 1686 1076 1724 thoraca
1095 1685 1255 1736 petitum

261 1752 549 1803 Perfossumque
569 1753 685 1800 locis;
704 1753 937 1804 clipeumque
956 1765 1000 1790 ex
1020 1766 1102 1790 aere
1121 1752 1282 1791 sinistrae

260 1819 450 1871 Subligat,
479 1829 591 1870 atque
610 1833 731 1857 ensem
750 1819 847 1858 collo
868 1819 1056 1870 suspendit
1074 1819 1265 1858 eburnum.

257 1886 360 1925 Tum
379 1886 509 1930 socios,
538 1899 694 1938 namque
712 1887 829 1924 omnis
848 1900 930 1924 eum
953 1886 1087 1937 stipata
1104 1886 1255 1938 tegebat

256 1950 390 1991 Turba
409 1953 559 1999 ducum,
587 1955 639 1992 sic
658 1954 833 2006 incipiens
853 1954 1025 1992 hortatur
1042 1953 1182 1990 ovantis
1200 1969 1209 1991 :

256 2020 423 2059 Maxima
441 2035 497 2059 res
516 2021 661 2066 effecta,
689 2021 781 2067 viri;
811 2021 921 2058 timor
939 2021 1056 2058 omnis
1071 2021 1213 2065 abesto,

255 2087 371 2138 Quod
383 2098 549 2138 superest
566 2104 576 2126 :
592 2088 682 2126 haec
695 2097 778 2126 sunt
791 2087 919 2138 spolia,
933 2096 970 2125 et
986 2087 1030 2125 de
1046 2101 1132 2139 rege
1146 2088 1303 2138 superbo

255 2152 441 2192 Primitiae
458 2170 469 2200 ;
499 2155 739 2205 manibusque
759 2154 848 2192 meis
869 2153 1082 2191 Mezentius
1102 2154 1161 2191 hic
1180 2163 1249 2192 est.

253 2219 366 2258 Nunc
385 2220 454 2258 iter
472 2222 518 2258 ad
538 2235 663 2274 regem
683 2221 801 2267 nobis,
830 2221 1025 2272 muro'sque
1045 2221 1216 2259 Latinos.

251 2286 374 2327 Arma
391 2297 529 2340 parate,
550 2288 676 2328 animis
703 2299 742 2329 et
762 2302 825 2341 spe
845 2289 1064 2340 praesumite
1084 2288 1247 2336 bellum3
