1455 2685
172 336 208 367 y.
227 324 315 364 271.
478 319 779 360 AENEIDOS
838 321 936 357 XII.
1143 321 1220 357 229

175 435 340 483 Corpora
359 431 594 470 constiterant
615 440 757 474 contra,
786 444 876 479 quos
897 430 967 466 fida
987 441 1125 470 crearat

174 501 263 538 Una
280 508 339 536 tot
360 499 526 536 Arcadio
546 501 703 549 conjunx
723 496 917 546 Tyrrhena
939 496 1108 548 Gylippo
1127 516 1138 545 ;

177 567 329 606 Horum
349 579 472 610 unum,
501 565 546 601 ad
566 564 735 607 medium,
754 563 886 600 teritur
906 578 977 613 qna
998 565 1112 603 sutilis
1131 581 1219 605 auro

176 632 340 678 Balteus,
369 642 404 669 ct
424 632 577 669 laterum
593 632 782 681 juncturus
802 630 913 666 fibula
934 632 1089 677 mordet,

174 700 381 751 Egregium
399 698 516 735 forma
532 699 713 749 juvenem,
742 705 776 732 et
799 695 1025 747 fulgentibus
1045 700 1165 745 armis,

171 765 408 816 Transadigit
427 773 559 807 costas,
587 762 756 812 fulvaque
776 762 930 799 effundit
951 777 1066 803 arena.

170 832 232 870 At
252 831 394 875 fratres,
423 831 582 867 animosa
604 829 774 879 phalam,
803 843 1023 880 accensaque
1043 832 1159 877 luctu,

171 897 260 936 Pars
279 897 420 949 gladios
440 897 626 947 stringunt
647 896 821 939 manibus,
841 909 923 945 pars
939 897 1068 934 missile
1082 898 1217 936 ferrum

170 965 400 1015 Corripiunt,
428 963 598 1013 caeo-ique
618 971 726 999 ruunt
750 977 759 1000 :
790 976 881 1012 quos
899 963 1042 1014 agmina
1057 974 1186 1002 contra

171 1031 397 1068 Procurrunt
418 1031 645 1067 Laurentum
661 1045 671 1074 ;
685 1029 769 1066 hinc
785 1029 884 1066 densi
904 1044 1024 1067 rursus
1040 1031 1216 1070 inundant

166 1097 302 1142 Troes,
331 1097 592 1149 Agyllinique,
619 1105 656 1132 et
677 1096 785 1145 pictis
806 1096 974 1134 Arcades
989 1099 1106 1136 armis.

225 1164 287 1202 Sic
307 1164 422 1201 omnis
442 1177 542 1200 amor
562 1176 651 1199 unus
672 1163 782 1200 habet
803 1163 994 1200 decernere
1015 1163 1125 1204 ferro.

170 1231 367 1281 Diripuere
386 1244 486 1268 aras:
517 1230 547 1266 it
567 1239 648 1266 toto
668 1229 815 1265 turbida
834 1230 936 1267 coelo

171 1296 390 1347 Tempestas
410 1296 580 1340 telorum,
610 1310 650 1333 ac
672 1296 808 1333 ferreus
823 1297 962 1348 ingruit
982 1298 1094 1335 imber
1111 1314 1122 1344 3

169 1364 425 1414 Craterasque,
438 1363 628 1414 focosque,
641 1363 774 1410 ferunt,
826 1364 940 1414 Fugit
956 1365 1031 1415 ipse
1046 1367 1216 1416 Latinus,

169 1430 338 1468 Pulsatos
357 1429 524 1474 referens,
552 1429 688 1467 infecto
708 1429 865 1474 foedere,
895 1431 1009 1470 divos.

170 1497 357 1535 Infrenant
377 1497 435 1537 alii
455 1511 595 1541 currus,
624 1506 687 1534 aut
707 1511 861 1547 corpora
881 1498 975 1535 saltu

170 1564 376 1617 Subjiciunt
395 1565 430 1601 in
450 1578 577 1615 equos,
606 1573 643 1601 et
664 1564 800 1601 strictis
820 1566 964 1602 ensibus
983 1567 1129 1605 adsunt.

167 1631 360 1681 Messapus
380 1645 515 1682 regem,
545 1632 713 1682 regisque
734 1631 873 1682 insigne
894 1642 1094 1683 gerentem,

166 1697 403 1748 Tyrrhenum
423 1698 619 1742 Aulestcn,
649 1698 773 1735 avidus
792 1698 1013 1736 confundere
1034 1699 1179 1745 foedus,

165 1764 338 1803 Adverso
358 1775 538 1816 proterret
557 1779 677 1815 equo:
709 1766 780 1802 ruit
801 1765 858 1802 ille
879 1767 1062 1811 recedens,

167 1831 222 1870 Et
243 1831 349 1878 miser
375 1832 553 1884 oppositis
573 1845 593 1868 a
614 1841 718 1883 tergo
748 1831 943 1869 involvitur
962 1833 1029 1868 aris

167 1901 212 1938 In
232 1909 358 1951 caput,
377 1901 486 1951 inque
506 1900 675 1938 humeros
691 1915 700 1938 ε
722 1910 759 1937 at
776 1899 933 1946 fervidus
949 1900 1095 1939 advolat
1111 1902 1213 1940 hasta

164 1968 386 2018 Messapus;
415 1967 579 2018 teloque,
608 1976 772 2004 orantem
792 1968 921 2011 multa,
950 1968 1079 2006 trabali

164 2035 349 2085 Desuper,
364 2035 458 2073 altus
477 2049 587 2086 equ0,
607 2035 764 2087 graviter
784 2034 881 2078 ferit,
898 2043 1008 2084 atque
1023 2035 1072 2072 ita
1089 2035 1207 2076 fatur:

164 2100 254 2152 Hoc
274 2101 402 2148 habet3
422 2102 511 2139 haec
532 2102 657 2139 melior
676 2101 817 2154 magnis
838 2102 921 2138 data
943 2101 1085 2139 victima
1106 2103 1208 2141 divis.

164 2169 399 2218 Concurrunt
419 2169 518 2214 Itali,
548 2169 778 2220 spoliantque
799 2169 950 2206 calentia
971 2169 1142 2208 membra.

217 2235 360 2280 Obvius
380 2237 588 2276 ambustum
608 2247 742 2276 torrem
764 2238 977 2289 Corynaeus
997 2237 1041 2274 ab
1060 2249 1119 2273 ara
