1455 2685
223 319 299 358 172
525 319 825 358 AENEIDOS
882 322 933 358 X.
1122 337 1154 359 v.
1173 325 1261 361 522².

223 430 290 469 Ille
310 439 390 467 astu
411 431 506 468 subit
523 447 533 476 ;
563 440 601 468 at
620 433 857 469 tremebunda
886 433 1092 482 supervolat
1112 433 1240 480 hasta;

222 496 291 540 Et,
311 511 428 547 genua
448 497 683 547 amplectens,
703 498 835 535 effatur
853 498 938 535 talia
959 499 1112 549 supplex
1132 516 1140 538 :

221 562 293 600 Per
314 564 451 612 patrios
473 564 607 608 Mania
630 579 693 614 per
713 579 792 614 spes
809 565 989 616 surgentis
1011 565 1096 609 Iuli,

219 629 279 667 Te
299 644 440 680 precor,
460 631 552 667 hanc
572 631 723 667 animam
745 646 860 669 serves
881 642 1051 683 natoque,
1068 633 1246 683 patrique.

219 696 291 733 Est
312 697 440 734 domus
459 697 532 734 alta
551 714 561 743 3
586 700 708 749 jacent
729 699 873 748 penitus
893 699 1032 736 defossa
1052 700 1187 737 talenta

218 763 361 801 Caelati
381 765 548 816 argenti3
582 774 664 802 sunt
684 766 760 802 auri
780 766 951 815 pondera,
971 766 1060 803 facti

216 829 438 880 Infectique,
458 831 557 868 mihi.
589 832 674 869 Non
693 831 753 868 hic
774 832 924 869 victoria
944 833 1131 871 Teucrum

214 897 409 943 Vertitur3
438 907 499 934 aut
521 898 636 934 anima
656 911 724 934 una
744 898 845 935 dabit
872 899 1074 936 discrimina
1094 909 1206 937 tanta.

212 963 372 1001 Dixerat
389 980 398 1009 ;
429 966 576 1002 Aeneas
595 973 723 1001 contra
742 965 800 1001 cui
821 965 906 1002 talia
926 966 1044 1002 reddit
1063 982 1072 1003 :

210 1030 375 1081 Argenti
393 1040 503 1080 atque
523 1032 597 1068 auri
620 1045 794 1068 memoras
815 1046 907 1082 quae
928 1031 1041 1068 multa
1063 1032 1213 1075 talenta,

213 1096 350 1134 Gnatis
370 1110 478 1146 parce
499 1097 583 1134 tuis.
617 1098 710 1135 Belli
731 1099 946 1135 commercia
965 1099 1115 1136 Turnus

213 1165 370 1202 Sustulit
389 1165 458 1201 ista
476 1165 578 1215 prior
592 1167 666 1216 jam
687 1174 767 1201 tum
788 1165 954 1203 Pallante
973 1176 1150 1216 peremto.

209 1231 301 1270 Hoc
322 1231 434 1282 patris
453 1232 643 1269 Anchisae
665 1232 808 1276 Manes,
827 1232 897 1269 hoc
919 1232 1026 1269 sentit
1050 1232 1164 1270 Iulus.

209 1299 271 1336 Sic
291 1298 400 1345 fatus,
420 1298 561 1350 galeam
580 1298 677 1335 laeva
698 1307 814 1342 tenet,
835 1308 959 1349 atque,
980 1300 1111 1336 reflexa

206 1366 359 1403 Cei-vice
378 1366 526 1410 orantis,
547 1365 678 1416 capulo
698 1375 802 1403 tenus
822 1366 983 1416 applicat
1003 1379 1135 1403 ensem.

258 1435 339 1473 Nec
359 1433 490 1484 procul
512 1433 776 1477 Haemonides,
799 1433 941 1470 Phoebi
962 1433 1182 1483 Triviaeque
1202 1448 1255 1471 sa-

205 1502 326 1541 Infula
346 1502 405 1539 cui
426 1515 525 1538 sacra
545 1500 735 1537 redimibat
752 1510 917 1550 tempora
937 1500 1040 1545 vitta,
1089 1501 1252 1550 [cerdos‚

204 1569 327 1606 Totus
347 1568 530 1605 collucens
552 1576 662 1610 veste,
684 1576 796 1617 atque
816 1566 1017 1617 insignibus
1039 1567 1142 1603 armis
1161 1582 1169 1604 ε

201 1638 323 1686 Quem
336 1648 551 1685 congressus
565 1634 641 1684 agit
654 1647 797 1683 campo,
812 1633 1028 1683 lapsumque
1044 1644 1249 1683 superstans

201 1701 386 1744 Immolat,
407 1701 620 1750 ingentique
641 1700 767 1735 umbra
787 1700 908 1750 tegit3
939 1714 1036 1736 arma
1059 1701 1222 1738 Serestus

201 1770 322 1808 Lecta
341 1766 452 1804 refert
472 1765 643 1809 humeris,
665 1766 745 1809 tibi,
766 1779 827 1802 rex
847 1766 1022 1810 Gradive,
1045 1776 1245 1819 tropaeum.

253 1837 465 1873 Instaurant
483 1833 592 1876 acies,
613 1831 770 1869 Volcani
790 1832 902 1881 stirpe
918 1842 1074 1877 creatus,

199 1901 392 1944 Caeculus,
409 1909 460 1945 et,
475 1899 618 1936 veniens
635 1898 844 1936 Marsorum
861 1899 1058 1943 montibus,
1074 1901 1219 1938 Umbro
1235 1918 1245 1940 ι

198 1967 426 2009 Dardanides
446 1974 573 2003 contra
593 1964 697 2002 furit.
728 1965 896 2002 Anxuris
915 1979 998 2002 ense
1024 1966 1217 2011 sinistram,

198 2038 252 2074 Et
272 2044 391 2072 totum
413 2032 518 2082 clipei
539 2032 634 2068 ferro
656 2031 835 2082 dejecerat
855 2032 992 2068 orbem.

194 2102 353 2142 Dixerat
372 2099 429 2136 ille
449 2098 584 2148 aliquid
604 2111 790 2149 magnum,
810 2098 954 2147 vimque
974 2098 1086 2135 affore
1107 2101 1216 2137 verbo

193 2168 419 2210 Crediderat,
440 2164 619 2215 coeloque
639 2164 796 2201 animum
812 2164 965 2201 fortasse
984 2163 1136 2210 ferebat,

193 2235 444 2284 Canitiemque
464 2231 531 2270 sibi
550 2241 587 2270 et
607 2231 740 2285 longos
758 2231 971 2283 promiserat
992 2244 1115 2271 annos.
