1455 2685
206 296 283 334 232
469 290 769 335 AEN'mDos
826 266 927 336 x'1'1.
1107 314 1139 338 v.
1157 294 1250 339 πω

206 406 323 443 Hunc
342 406 469 456 procul
489 416 530 444 ut
550 422 679 457 campo
699 409 849 446 Turnus
870 409 1059 459 prospexit
1078 420 1224 460 apertu,-

203 473 310 511 Ante
330 474 395 510 levi
410 474 530 524 jaculo
550 474 700 525 longum
721 489 786 525 per
805 475 908 511 inane
929 485 1088 520 secutus,

206 541 312 577 Sistit
332 555 445 590 equos
466 542 611 592 bijugis,
640 551 676 578 et
697 555 804 578 curru
825 541 957 586 desilit,
986 551 1097 592 atque

205 607 412 645 semianimi
433 608 609 658 lapsoque
630 608 832 658 supervenit
852 624 862 653 ;
891 617 941 653 et,
970 609 1061 658 pede
1082 609 1179 646 collo

205 674 402 723 Impresso,
432 675 580 711 dextrae
599 689 807 712 mucronem
827 684 1039 725 extorquet,
1067 685 1100 712 et
1123 675 1198 712 alto

204 740 422 792 Fulgentem
440 741 575 792 tinguit
586 742 719 793 jugulo
730 756 739 786 ;
749 751 859 791 atque
872 741 959 778 haec
972 741 1119 791 iusuper
1132 742 1251 779 addit.-

203 806 264 844 En
284 809 292 844 !
325 821 447 858 agros,
477 818 528 852 ct,
558 821 667 857 quam
687 807 799 851 bello,
827 809 999 859 Trojane,
1029 809 1168 858 petisti,

202 874 422 924 Hesperiam
442 874 568 911 metire
583 877 727 926 jacens:
752 874 840 910 haec
860 875 1030 924 praemia,
1059 876 1120 925 qui
1141 890 1197 914 me

204 941 317 978 Ferro
337 941 411 978 ausi
432 950 586 984 tentare,
615 941 737 978 ferunt
757 957 766 986 ;
797 941 847 978 sic
868 941 1007 977 moenia
1027 943 1204 980 condunt.

202 1007 308 1044 Huic
328 1007 497 1044 comitem
520 1007 708 1051 Asbuten,
737 1010 903 1059 conjecta
923 1008 1089 1058 cuspide,
1109 1008 1249 1054 mittit3

202 1072 446 1122 Chloreaque,
457 1074 710 1124 Sybarimque,
720 1075 946 1124 Daretaque,
954 1074 1251 1112 Thersilochum-

202 1141 269 1184 Et,
286 1140 454 1176 sternacis
470 1141 555 1190 equi
567 1137 707 1190 lapsum
720 1141 871 1186 cervice,
880 1141 1129 1191 Thymoeten.
1141 1145 1250 1192 [que3

200 1208 279 1251 Ac,
310 1208 408 1246 velut
431 1209 553 1245 Edoni
576 1210 716 1246 Boreae
736 1223 819 1245 cum
848 1209 996 1259 spiritus
1015 1209 1091 1246 alto

202 1276 355 1313 Insonat
376 1277 544 1327 Aegaeo,
575 1276 812 1326 sequiturque
832 1277 877 1313 ad
905 1275 1029 1313 littora
1050 1277 1198 1323 fluctus,

199 1344 285 1392 Qua
305 1343 402 1380 venti
422 1343 633 1387 incubuere,
664 1342 790 1394 fugam
807 1344 894 1380 dant
923 1343 1046 1380 nubila
1065 1345 1168 1381 coelo
1185 1360 1199 1382 ε’

203 1408 265 1447 Sic
285 1409 431 1453 Turno,
451 1423 683 1460 quacumque
702 1410 792 1447 viam
813 1419 925 1454 secat,
945 1410 1088 1461 agmina
1102 1411 1251 1458 cedunt,

200 1472 478 1525 conversaeque
498 1485 610 1513 ruunt
630 1476 723 1513 acies
739 1492 751 1521 ς
779 1475 852 1513 fert
871 1476 1029 1526 impetus
1047 1476 1180 1526 ipsum,

205 1542 260 1579 Et
282 1542 427 1579 cristam
447 1543 597 1580 adverso
618 1557 728 1580 curru
747 1543 869 1593 quatit
887 1556 972 1579 aura
992 1542 1183 1580 volantem.

201 1608 287 1646 Non
302 1609 387 1645 tulit
401 1609 595 1647 instantem
613 1609 1004 1660 Phegeus‚animisque
1017 1608 1249 1649 frementem:

202 1674 353 1726 Objecit
372 1689 447 1712 sese
468 1677 514 1712 ad
534 1690 694 1720 currum,
723 1685 760 1713 et
782 1676 986 1726 spumantia
1004 1675 1113 1713 frenis

202 1740 280 1777 Ora
300 1740 495 1777 citatorum
515 1742 645 1778 dextra
664 1742 818 1778 detorsit
845 1756 1036 1792 equorum.

201 1807 307 1843 Dum
328 1806 497 1851 trahitur,
518 1808 852 1859 pendetquejugis,
872 1808 968 1845 hunc
983 1808 1057 1846 lata
1072 1819 1250 1847 retectum

201 1873 349 1911 Lancea
369 1874 617 1924 consequitur,
646 1874 855 1924 rumpitque
874 1874 985 1911 infixa
1005 1875 1148 1913 bilicem

202 1940 391 1984 Loricam,
420 1950 457 1978 et
477 1954 658 1979 summum
677 1941 849 1992 degustat
871 1941 1012 1979 volnere
1032 1957 1179 1992 corpus.

202 2006 270 2044 Ille
291 2015 424 2051 tamen,
454 2007 572 2057 clipeo
592 2008 750 2059 objecto,
779 2022 971 2045 conversus
1000 2008 1034 2045 in
1053 2009 1197 2047 hostem

201 2072 302 2115 Ibat,
330 2080 367 2109 et
382 2072 556 2110 auxilium
575 2073 688 2111 ducto
709 2088 880 2112 mucrone
900 2075 1049 2125 petebat
1068 2091 1078 2120 ;

201 2138 298 2176 Cum
318 2148 398 2176 rota
418 2139 668 2190 praecipitem,
689 2150 726 2178 et
748 2155 926 2191 procursu
947 2141 1113 2179 concitus
1133 2142 1210 2179 axis

205 2205 372 2254 Impulit,
400 2205 627 2257 effunditque
648 2206 723 2245 solo
743 2222 752 2246 ε
784 2208 1007 2258 Turnusque
1026 2218 1185 2254 secutus,
