1455 2685
244 297 296 334 82
528 298 830 339 AENEIDOS
887 301 985 341 VII.
1152 319 1186 343 v.
1202 309 1294 348 437.

242 407 344 452 Non,
373 416 414 446 ut
435 423 525 454 rere,
553 425 650 449 meas
668 412 802 465 effugit
819 414 966 452 nuntius
986 414 1093 454 auris.

241 474 300 513 Ne
319 484 441 513 tantos
461 476 548 514 mihi
568 478 666 530 finge
686 489 804 518 metus
821 496 832 519 :
862 495 929 519 nec
948 482 1047 534 regia
1066 483 1092 521 J
1093 497 1166 521 uno

239 542 439 580 Immemor
457 554 512 581 est
532 546 658 583 nostri.

237 609 311 647 Sed
332 619 382 654 te,
411 611 507 648 victa
527 612 613 656 situ,
641 613 787 663 verique
806 612 930 658 effeta,
958 624 1137 661 senectus,

237 676 273 714 O
292 686 406 714 mater
424 680 433 716 Ξ
465 679 560 716 curis
579 680 826 730 nequidquam
844 692 1005 726 exercet,
1025 693 1075 727 et,
1096 696 1195 721 arma

238 743 387 795 Regum
407 745 514 789 inter,
543 745 631 784 falsa
651 756 770 784 vatem
790 747 982 786 formidine
1002 749 1110 789 ludit.

235 812 333 849 Cura
352 812 419 850 tibi
449 813 570 850 divum
590 813 730 864 effigies
749 822 786 851 et
807 815 943 865 templa
963 816 1082 855 tueri:

233 878 336 916 Bella
356 880 421 916 viri
441 893 642 930 pacemque
661 892 803 932 gerent,
833 886 915 932 quis
933 882 1029 920 bella
1047 884 1218 934 gerenda.

284 947 440 984 Talibus
460 947 617 984 Allecto
637 948 744 985 dictis
763 949 896 987 exarsit
916 950 951 986 in
972 950 1054 988 iras.

228 1015 289 1053 At
306 1014 427 1066 juveni
446 1014 564 1051 oranti
585 1015 726 1053 subitus
745 1025 882 1053 tremor
900 1027 1062 1068 occupat
1080 1027 1180 1056 artus
1198 1035 1211 1066 ς

227 1083 435 1133 Deriguere
453 1081 549 1118 oculi
568 1097 578 1119 :
610 1091 667 1119 tot
692 1083 854 1133 Erinnys
876 1084 996 1121 sibilat
1017 1085 1160 1136 hydris,

226 1149 428 1199 Tantaque
440 1162 476 1186 se
492 1148 602 1186 facies
617 1150 747 1199 aperit.
797 1150 912 1194 Tum,
926 1152 1090 1189 flammea
1106 1161 1281 1204 torquens

225 1217 399 1259 Lumina,
429 1225 663 1254 cunctantem
683 1226 721 1254 et
741 1227 975 1268 quaerentem
995 1219 1114 1257 dicere
1134 1220 1239 1271 plura.

230 1285 410 1335 Repulit;
439 1293 476 1321 et
497 1285 662 1336 geminos
682 1285 796 1323 erexit
818 1285 980 1323 crinibus
999 1287 1143 1338 anguis,

223 1354 458 1402 Verberaque
477 1352 650 1396 insonuit,
679 1352 881 1403 rabidoque
901 1353 989 1392 haec
1010 1355 1151 1393 addidit
1171 1370 1233 1395 ore
1251 1373 1260 1395 :

222 1422 282 1459 En
302 1423 310 1458 !
342 1434 413 1472 ego
433 1419 529 1457 victa
549 1420 634 1464 situ,
655 1433 778 1470 quam,
800 1420 874 1457 veri
894 1421 1017 1466 effeta,
1039 1433 1220 1470 senectus,

219 1489 341 1526 Arma
360 1487 455 1524 iuter
473 1500 618 1538 regum,
639 1485 728 1523 falsa
748 1486 943 1525 formidine
962 1487 1057 1526 ludit
1075 1505 1085 1526 :

221 1554 380 1604 Respice
400 1554 444 1590 ad
464 1554 571 1592 haec:
594 1554 721 1591 adsum
737 1554 895 1591 dirarum
916 1555 962 1592 ab
981 1556 1066 1594 sede
1081 1552 1271 1606 sororum5

217 1622 316 1660 Belza
340 1634 461 1665 manu,
490 1621 692 1672 letumque,
713 1635 816 1671 gero.

271 1689 333 1727 Sic
353 1687 474 1732 effata,
494 1687 612 1725 facem
628 1688 750 1739 juveni
769 1688 941 1739 conjecit,
969 1697 1006 1726 et
1025 1699 1106 1727 atro

215 1757 375 1794 Lumine
394 1750 568 1792 fumantis
588 1755 670 1791 fixit
691 1755 758 1792 sub
778 1763 928 1805 pectore
947 1756 1083 1794 taedas.

214 1823 293 1863 Olli
314 1836 478 1861 somnum
500 1821 626 1873 ingens
645 1822 783 1872 rumpit
803 1836 929 1872 pavor,
949 1837 1103 1873 ossaque
1117 1833 1153 1862 et
1169 1835 1269 1864 aitus

212 1890 420 1934 Perfundit,
442 1898 524 1927 toto
543 1899 744 1941 proruptus
763 1903 932 1940 corpore,
952 1891 1074 1929 sudor.

211 1960 332 1998 Arma
350 1972 470 1995 amens
490 1957 538 1995 fr<
548 1958 612 1994 mit
632 1973 642 2003 3
672 1971 771 1994 arma
790 1966 873 1994 toro
897 1958 1080 2008 tectisque
1099 1960 1266 2010 requirit.

210 2026 331 2064 Saevit
353 2039 452 2062 amor
472 2023 570 2068 ferri,
589 2032 626 2062 et
646 2022 820 2061 scelerata
839 2023 972 2061 insania
992 2024 1076 2062 belli
1095 2040 1105 2070 ;

208 2094 269 2130 Ira
289 2106 423 2144 super:
454 2105 588 2142 magno
609 2091 720 2129 veluti
739 2105 853 2141 quum
875 2091 1016 2128 flamma
1037 2105 1168 2131 sonore

203 2159 344 2211 Virgea
363 2158 580 2209 suggeritur
597 2158 709 2196 costis
729 2158 899 2195 undantis
920 2158 1013 2203 aeni,

208 2226 486 2276 Exsultantque
506 2234 610 2263 aestu
629 2224 754 2264 latices
771 2240 782 2272 ;
812 2224 901 2264 furit
921 2225 1019 2263 intus
1039 2229 1150 2276 aquai
