1455 2685
184 271 218 296 v.
240 257 331 298 717.
494 253 796 293 AENEIDOS
852 255 928 291 VI.
1190 259 1242 296 59

182 368 408 418 Jampridem
426 367 518 404 hanc
539 366 676 417 prolem
696 366 807 416 cupio
823 379 1030 403 enumerare
1047 380 1210 405 meorum
1227 382 1239 413 ς

184 436 272 484 Quo
293 435 407 486 magis
430 433 537 471 Italia
558 446 699 470 mecum
719 432 852 469 laetere
872 441 1026 484 reperta.
1076 469 1078 472 ,

184 502 221 539 O
244 504 364 552 pater!
388 515 478 538 anne
498 500 635 550 aliquas
655 499 699 536 ad
713 499 856 536 coelum
873 499 956 536 hinc
970 500 1019 536 ire
1036 501 1239 549 putandum

184 567 365 606 Sublimes
385 568 533 611 animas,
553 567 758 616 iterumque
778 566 813 602 in
829 567 932 603 tarda
953 566 1080 602 reverti
1160 570 1238 617 [est

183 634 377 684 Corpora?
397 647 490 684 quae
510 633 600 671 lucis
620 634 756 671 miseris
775 642 850 670 tam
870 634 947 670 dira
966 632 1101 683 cupido
1117 634 1130 671 ?

181 701 318 740 Dicam
336 702 518 752 equidem,
540 715 605 739 nec
626 713 663 738 te
684 714 910 751 suspensum,
932 710 1028 744 nate,
1050 701 1199 745 tenebo,

182 768 346 819 Suscipit
367 768 580 821 Anchisem
610 776 720 818 atque
740 767 866 804 ordine
887 767 1030 819 singula
1049 768 1190 818 pandit.

235 835 438 886 Principio‚·
449 835 605 879 coelum,
618 849 660 872 ac
677 843 803 879 terras,
816 848 1039 884 camposque
1052 834 1237 886 liquentis,

180 903 464 953 Lucentemque
483 902 640 954 globum
662 902 805 948 Lunae,
826 903 1052 952 Titaniaque
1071 912 1181 948 astra,

182 971 342 1020 Spiritus
360 971 458 1008 intus
477 970 540 1007 alit
559 985 569 1015 ς
590 979 794 1020 totamque,
815 969 932 1006 infusa
952 984 1018 1019 per
1035 978 1150 1015 artus,

179 1037 289 1075 Mens
309 1037 426 1089 agitat
446 1036 590 1080 molem,
610 1046 648 1074 et
669 1051 803 1088 magno
826 1051 861 1073 se
881 1051 1037 1086 corpore
1056 1037 1198 1074 miscet.

182 1105 275 1142 Inde
293 1104 481 1142 hominum
503 1104 760 1154 pecudumque
780 1118 908 1155 genus,
930 1105 1098 1154 vitaeque
1116 1104 1237 1142 volan·

448 1180 541 1214 tum,

180 1238 236 1279 Et
251 1251 344 1288 quae
361 1251 561 1274 marmoreo
574 1236 642 1273 fert
660 1248 820 1274 monstra
833 1238 898 1274 sub
913 1251 1069 1288 aequore
1084 1247 1234 1288 pontus.

180 1305 319 1357 Igneus
338 1314 392 1342 est
411 1304 492 1341 ollis
513 1305 628 1355 vigor,
649 1314 685 1341 et
707 1304 874 1341 coelestis
893 1307 1015 1356 origo,

182 1371 412 1416 Seminibus;
442 1379 617 1421 quantum
639 1384 709 1407 non
730 1372 837 1407 noxia
858 1386 1013 1422 corpora
1032 1374 1193 1419 tardant,

179 1438 404 1488 Terrenique
425 1438 599 1475 hebetant
619 1448 733 1481 artus,
754 1439 1043 1489 moribundaque
1059 1442 1232 1479 membra.

180 1505 284 1543 Hinc
313 1513 496 1548 metuunt,
517 1504 773 1554 cupiuntque;
801 1505 940 1550 dolent,
969 1508 1234 1558 gaudentque3

445 1585 560 1621 neque
579 1585 681 1608 auras

178 1638 410 1688 Dispiciunt,
430 1637 571 1675 clausae
591 1639 760 1682 tenebris,
780 1648 815 1676 et
837 1653 982 1678 carcere
1001 1655 1125 1681 caeco,

179 1706 279 1756 Quin
299 1713 351 1750 et,
370 1718 538 1755 supremo
559 1719 672 1755 quum
691 1706 826 1743 lumine
847 1707 919 1744 vita
940 1707 1100 1757 reliquit,

177 1772 265 1810 Non
281 1780 402 1809 tamen
418 1785 525 1809 omne
540 1771 673 1809 malum
689 1773 839 1818 miseris,
854 1788 917 1811 nec
935 1774 1099 1813 funditus
1112 1790 1235 1816 omnes

177 1840 388 1890 Corporeae
406 1839 589 1877 excedunt
610 1848 730 1890 pestes
747 1856 756 1878 :
780 1843 1000 1892 penitusque
1017 1857 1160 1881 neccsse
1178 1854 1233 1883 est

177 1906 302 1945 Multa
323 1906 384 1944 diu
404 1915 576 1944 concreta
596 1907 710 1944 modis
731 1907 925 1945 inolescere
946 1909 1055 1947 miris.

178 1974 286 2025 Ergo
305 1982 518 2011 exercentur
537 1974 675 2023 poenis,
706 1983 941 2026 veterumque
962 1977 1138 2017 malorum

179 2040 368 2091 Supplicia
383 2041 606 2092 expendunt.
640 2041 752 2079 Aliae
768 2043 980 2092 panduntur
999 2047 1125 2092 inanis,

179 2109 395 2160 Suspensae‚
415 2109 460 2145 ad
482 2119 608 2146 ventos
626 2124 635 2147 ι
667 2109 743 2147 aliis
764 2111 831 2148 sub
851 2114 1000 2163 gurgite
1022 2124 1125 2152 vasto

178 2173 364 2214 Infectum
383 2175 520 2218 eluitur
537 2176 667 2221 scelus,
687 2186 750 2214 aut
770 2179 937 2217 exuritur
955 2180 1043 2230 igni.

665 2244 765 2282 ΗΕΖ
