1455 2685
222 314 298 351 166
514 310 815 350 AENEIDOS
873 312 925 350 X.
1124 327 1158 352 v.
1181 317 1268 354 354.

220 422 378 474 Insignis
399 422 593 473 Messapus
612 423 724 474 equis.
758 422 954 473 Expellere
975 423 1131 461 tendunt

218 490 328 528 Nunc
348 489 398 535 hi,
420 503 515 527 nunc
535 489 585 526 illi
603 505 612 528 :
644 498 805 527 certatur
823 489 943 526 limine
962 490 997 526 in
1017 490 1097 540 ipso

215 556 420 594 Ausoniae.
451 556 595 607 Magno
616 556 798 594 discordes
817 556 961 594 aethere
980 556 1077 594 venti

220 623 363 660 Proelia
382 637 449 661 ceu
469 623 620 668 tollunt,
649 623 772 660 animis
791 632 828 661 et
848 623 983 660 viribus
1006 623 1129 674 aequis
1148 638 1158 662 ε

217 689 303 728 Non
323 689 392 740 ipsi
410 689 505 728 inter
523 704 573 735 se,
595 704 666 727 non
686 690 822 735 nubila,
843 704 913 727 non
929 704 1025 727 mare
1044 691 1180 727 cedunt
1197 705 1209 736 ;

223 758 381 807 Anceps
401 771 525 808 pugna
544 757 606 794 diu
621 743 635 803 Δς
666 766 762 795 stant
784 757 918 795 obnixa
938 758 1058 795 omnia
1077 767 1217 796 contra.

216 824 336 862 Haud
358 823 462 862 aliter
480 824 662 876 Trojanae
681 824 776 861 acies
792 825 959 875 aciesque
981 825 1138 862 Latinae

215 890 450 929 Concurrunt
469 906 478 929 :
500 890 623 927 haeret
645 890 737 940 pede
757 904 834 941 pes,
853 891 1058 941 densusque
1081 892 1157 929 viro
1178 891 1243 929 vir.

265 958 327 997 At
342 966 445 1008 parte
463 971 507 994 ex
528 956 608 1001 alia,
638 970 708 1007 qua
728 970 813 994 saxa
832 958 991 994 rotantia
1010 956 1084 996 late

224 1024 428 1074 Impulerat
447 1033 602 1068 torrens,
632 1023 851 1074 arbustaque
872 1024 994 1061 diruta
1012 1025 1114 1075 ripis,

214 1091 402 1135 Arcadas,
432 1091 593 1128 insuetos
613 1090 707 1128 acies
727 1090 856 1129 inferre
877 1092 1071 1142 pedestris,

215 1161 274 1198 Ut
293 1160 383 1196 vidit
405 1158 523 1197 Pallas
543 1159 657 1196 Latio
679 1159 763 1196 dare
779 1167 887 1211 terga
907 1159 1052 1209 sequaci
1071 1174 1081 1205 ;

219 1225 369 1276 Aspera
390 1228 472 1276 quis
492 1234 621 1262 natura
640 1224 712 1262 loci
732 1225 916 1263 dimittere
936 1226 1081 1275 quando

217 1293 339 1331 Suasit
359 1307 474 1344 equos
492 1308 503 1339 ;
524 1306 636 1329 unum
655 1292 756 1343 quod
776 1292 882 1329 rebus
901 1301 1014 1330 restat
1033 1292 1170 1344 egenis,

215 1361 326 1400 Nunc
347 1374 468 1411 prece,
489 1373 583 1397 nunc
603 1359 711 1396 dictis
732 1358 905 1396 virtutem
924 1360 1090 1397 accendit
1111 1359 1262 1399 amaris:

225 1430 314 1479 Quo
334 1427 478 1480 fugitis,
508 1426 595 1464 socii
613 1427 625 1464 ?
654 1440 732 1476 per,
751 1439 829 1470 vos,
853 1434 890 1464 et
910 1426 1019 1463 fortia
1038 1426 1149 1471 facta,
1178 1435 1217 1464 et

217 1496 290 1533 Per
306 1495 409 1532 ducis
431 1493 592 1532 Evandri
614 1506 757 1536 nomen,
777 1493 991 1543 devictaque
1005 1493 1111 1537 bella,
1139 1493 1268 1544 [laudi‚

217 1562 401 1611 Spemque
422 1575 549 1606 meam,
579 1560 715 1610 patliae
740 1574 832 1610 quae
864 1574 960 1597 nunc
996 1561 1095 1598 subit
1127 1560 1267 1598 aemula

216 1627 338 1664 Fidite
358 1641 401 1664 ne
420 1627 576 1676 pedibus
594 1642 604 1664 :
634 1626 732 1664 ferro
752 1628 954 1677 rumpenda
974 1642 1040 1678 per
1060 1627 1180 1664 hostis

217 1694 288 1731 Est
310 1693 377 1730 via.
410 1694 495 1743 Qua
512 1693 646 1744 globus
665 1693 723 1730 ille
740 1693 851 1731 virum
867 1693 1096 1731 densissimus
1109 1703 1243 1745 urguet
1259 1709 1270 1739 ;

215 1759 305 1798 Hac
323 1773 400 1804 vos,
420 1768 458 1796 et
480 1758 643 1797 Pallanta
662 1760 807 1805 ducem,
837 1760 954 1812 patria
974 1760 1047 1798 alta
1067 1760 1240 1810 reposcit.

216 1826 376 1864 Numina
396 1826 493 1863 nulla
512 1836 683 1877 premunt
699 1842 708 1865 :
729 1827 873 1864 mortali
890 1841 1088 1879 urguemur
1103 1828 1148 1864 ab
1162 1827 1269 1865 hoste

215 1894 396 1932 Mortales
415 1909 424 1931 ε
456 1894 611 1931 totidem
631 1895 734 1932 nobis
763 1895 976 1945 animaeque
997 1908 1211 1945 manusque.

217 1961 342 1999 Ecce!
376 1960 480 1997 maris
499 1975 629 2012 magna
647 1961 782 1998 claudit
803 1976 868 1998 nos
888 1961 1006 2013 objice
1027 1970 1162 2012 pontus
1181 1976 1192 1999 :

216 2027 334 2067 Deest
342 2029 416 2079 jam
432 2035 527 2064 terra
544 2026 666 2079 fugae.
689 2027 1070 2079 Pelagus,Trojamue
1086 2028 1270 2078 petemus?

218 2094 323 2132 Haec
343 2093 407 2138 ait,
425 2104 464 2131 et
483 2094 622 2131 medius
643 2095 772 2132 densos
792 2095 999 2145 prorumpit
1014 2094 1047 2131 in
1069 2094 1198 2132 hostis.

270 2161 413 2199 Obvius
431 2161 517 2199 huic
538 2161 708 2217 primum,
730 2161 813 2199 fatis
834 2163 1014 2200 adductus
1035 2161 1182 2212 iniquis,

218 2227 278 2277 Fit
296 2229 445 2281 Lagus:
466 2215 579 2274 huffe,
594 2242 726 2281 magno
739 2229 837 2269 vellit
852 2229 939 2267 dum
951 2230 1112 2281 pondere
1125 2243 1266 2274 saxum,
