1455 2685
243 342 318 382 174
549 341 850 381 AENEIDOS
907 342 960 379 X.
1145 356 1178 379 v.
1195 343 1285 383 578.

239 455 358 493 Haud
377 453 460 491 tulit
485 453 630 491 Aeneas
650 462 754 491 tanto
774 453 915 491 fervore
939 452 1124 491 furentes:

240 521 366 566 Irruit,
387 521 605 570 adversaque
624 520 750 571 ingens
769 519 938 570 apparuit
958 520 1072 557 hasta.

240 590 312 628 Cui
334 589 450 640 Liger
467 603 477 625 ε

239 656 325 694 Non
348 654 541 692 Diomedis
560 667 686 703 equos,
707 667 772 690 nec
792 667 918 690 currus
938 654 1053 690 cernis
1079 653 1236 700 Achilli,

239 723 328 760 Aut
350 721 534 772 Phrygiae
555 734 701 770 campos
720 735 729 757 :
760 733 854 757 nunc
874 719 957 756 belli
978 720 1058 757 finis
1077 731 1113 757 et
1133 721 1210 757 aevi

240 789 318 826 His
336 787 483 825 dabitur
502 787 620 825 terris.
651 787 797 824 Vesano
817 786 902 823 talia
921 786 993 823 late

238 855 356 893 Dicta
374 853 494 890 volant
516 853 669 904 Ligeri:
701 853 763 890 sed
784 867 852 890 non
873 862 909 890 et
930 853 1070 890 Tro'i'us
1093 854 1200 890 heros

240 921 356 960 Dicta
368 929 470 971 parat
484 920 802 971 contra3j3culum
818 934 898 956 nam
914 930 1062 970 torquet
1078 920 1112 957 in
1130 921 1286 959 hostem.

241 989 420 1040 Lucagus
440 997 496 1031 ut,
517 1001 653 1037 pronus
674 988 834 1036 pendens
854 987 888 1023 in
909 988 1068 1032 verbera,
1089 988 1164 1025 telo

240 1055 452 1094 Admonuit
473 1054 632 1105 bijugos,
653 1054 818 1104 projecto
840 1053 926 1090 dum
946 1054 1039 1104 pede
1058 1054 1158 1091 laevo

240 1123 368 1172 Aptat
387 1135 424 1158 se
442 1134 588 1171 pugnae
607 1135 617 1165 ;
649 1120 746 1157 subit
765 1134 845 1157 oras
865 1120 967 1157 hasta
989 1135 1051 1170 per
1070 1121 1157 1158 imas

243 1188 434 1240 Fulgentis
454 1187 576 1237 clipei,
596 1196 675 1224 tum
694 1186 836 1224 laevum
857 1186 1020 1237 perforat
1039 1188 1175 1239 inguen
1193 1203 1203 1225 t

243 1255 432 1294 Excussus
451 1268 558 1291 curru
578 1253 815 1291 moribundus
835 1253 993 1291 volvitur
1012 1255 1116 1290 arvis.

242 1324 362 1372 Quem
383 1321 464 1371 pius
482 1321 630 1358 Aeneas
650 1321 759 1358 dictis
779 1320 911 1358 affatur
928 1321 1056 1358 amaris
1073 1336 1083 1359 :

242 1389 412 1440 Lucage,
432 1387 530 1425 nulla
548 1397 631 1425 tuos
653 1402 778 1425 currus
798 1387 888 1439 fuga
908 1388 1027 1439 segnis
1046 1401 1224 1438 equorum

243 1456 424 1500 Prodidit,
445 1466 507 1493 aut
528 1469 636 1492 vanae
656 1463 793 1492 vertere
813 1469 855 1492 ex
878 1456 1044 1492 hostibus
1064 1456 1212 1492 umbrae
1231 1471 1240 1493 ε

244 1525 344 1574 Ipse,
364 1523 452 1560 rotis
473 1522 611 1566 saliens,
627 1525 718 1573 juga
738 1522 883 1559 deseris.
916 1523 1024 1560 Haec
1044 1524 1094 1560 ita
1115 1522 1227 1567 fatus,

243 1590 418 1640 Arripuit
439 1590 597 1640 bijugos.
630 1590 758 1626 Frater
778 1589 951 1626 tendebat
971 1589 1120 1626 inermes

245 1655 376 1693 Infelix
398 1655 546 1705 palmas,
568 1669 676 1692 curru
697 1655 864 1705 delapsus
884 1656 1035 1693 eodem:

243 1721 314 1759 Per
333 1730 382 1764 te,
402 1735 467 1771 per
485 1720 547 1770 qui
567 1730 604 1757 te
625 1720 733 1758 talem
754 1736 913 1772 genuere
933 1731 1114 1773 parentes,

241 1789 310 1826 Vir
329 1789 499 1839 Trojane,
520 1788 592 1825 sine
612 1788 704 1825 hanc
724 1789 890 1833 animam,
911 1798 949 1826 et
965 1790 1129 1827 miserere
1143 1805 1292 1841 precan-

242 1855 411 1894 Pluribus
431 1855 546 1892 oranti
567 1856 739 1893 Aeneas:
771 1855 889 1893 Haud
910 1855 995 1892 talia
1015 1857 1152 1893 dudum
1207 1858 1288 1907 [tis.

241 1923 359 1961 Dicta
377 1923 499 1959 dabas.
531 1922 692 1966 Morere,
712 1931 747 1959 et
765 1921 913 1959 fratrem
930 1937 973 1959 ne
993 1923 1117 1960 desere
1137 1923 1263 1961 frater.

241 1989 355 2033 Tum,
376 1989 530 2026 latebras
551 1989 701 2033 animae,
722 1999 853 2039 pectus
873 2003 1043 2026 mucrone
1064 1990 1234 2028 recludit.

294 2055 401 2093 Talia
421 2070 485 2106 per
504 2069 650 2106 campos
669 2056 796 2093 edebat
819 2056 943 2093 funera
963 2056 1098 2093 ductor

241 2123 462 2166 Dardanius,
482 2122 653 2159 torrentis
674 2136 786 2172 aquae
806 2122 861 2158 vel
880 2122 1035 2159 turbinis
1055 2123 1123 2159 atri
1186 2126 1291 2172 [unt,

242 2189 349 2226 More
371 2188 504 2226 furens.
537 2189 704 2226 Tandem
722 2198 933 2239 erumpunt,
949 2198 985 2226 et
1002 2198 1119 2226 eastra
1136 2189 1293 2240 relinqu·

242 2255 426 2294 Ascanius
446 2270 536 2306 puer
555 2265 591 2293 et
612 2257 855 2307 nequidquam
876 2256 1023 2293 obsessa
1035 2259 1219 2308 juventus,
