1455 2685
152 337 186 362 v.
206 325 294 363 243.
479 320 781 360 AENEIDOS
840 322 915 361 XI.
1132 325 1205 363 195

205 434 389 478 Vidimus,
409 447 432 471 o
451 432 547 471 cives
567 436 574 471 !
601 433 799 478 Diomede,
821 433 1039 486 Argivaque
1059 443 1175 473 castra
1192 450 1203 482 ς

152 503 301 552 Atque,
321 502 391 539 iter
407 501 554 546 emensi,
574 514 677 538 casus
698 501 944 551 superavimus
967 502 1097 547 omnis,

152 568 460 619 Contigimusque
480 581 624 605 manum
645 582 716 618 qua
731 568 894 606 concidit
915 568 984 605 Ilia
1002 568 1122 607 tellus.

153 634 222 672 Ille
240 635 367 672 urbem
385 634 631 685 Argyripam,
651 635 790 685 patriae
809 635 1027 687 cognomine
1042 634 1175 685 gentis,

150 702 286 739 Victor
306 700 473 752 Gargani
491 702 672 739 condebat
696 702 848 753 Iapygis
869 702 973 739 arvis.

152 767 356 818 Postquam
374 767 599 819 introgressi,
618 777 656 806 et
675 782 796 805 coram
816 769 902 806 data
920 768 1026 819 copia
1044 768 1156 813 fandi,

150 834 308 873 Munera
325 833 572 885 praeferimus,
587 849 715 872 nomen
732 836 959 887 patriamque
980 836 1153 873 docemus
1170 851 1184 882 ς

150 902 228 953 Qui
241 902 376 940 bellum
391 901 593 946 intulerint,
606 915 698 952 quae
711 915 835 940 caussa
851 903 1043 941 attraxerit
1054 903 1199 953 Arpos.

149 968 307 1007 Auditis
325 968 384 1006 ille
403 969 493 1006 haec
513 968 660 1018 placido
681 969 730 1009 sic
750 969 911 1006 reddidit
928 983 991 1006 ore
1008 984 1018 1007 ε

203 1037 240 1075 Ο
261 1035 465 1074 fortunatae
486 1044 613 1087 gentes
632 1038 640 1073 ἱ
675 1037 845 1074 Saturnia
860 1050 987 1087 regna,

150 1103 317 1154 Antiqui
336 1102 513 1148 Ausonii,
532 1116 625 1153 quae
645 1115 708 1139 vos
728 1101 877 1139 fortuna
897 1103 1041 1153 quietos

151 1170 346 1213 Sollicitat,
367 1170 567 1219 suadetque
587 1170 716 1220 ignota
730 1168 903 1206 lacessere
922 1168 1045 1206 bella?

150 1237 388 1288 Quicumque
410 1236 542 1274 Iliacos
561 1235 657 1273 ferro
677 1235 886 1273 violavimus
905 1248 1025 1286 agros,

152 1304 293 1357 (Mitto
313 1317 366 1348 ea,
387 1317 478 1354 quae
498 1302 608 1339 muris
627 1301 795 1339 bellando
809 1302 984 1339 exhausta
1000 1301 1067 1339 sub
1087 1300 1168 1339 altis
1186 1317 1198 1348 3

150 1372 256 1422 Quos
277 1370 410 1408 Simois
431 1377 571 1420 premat
590 1368 649 1405 ille
669 1368 784 1420 viros)
808 1368 953 1406 infanda
974 1382 1039 1418 per
1056 1369 1184 1406 orbem

151 1438 354 1489 Supplicia,
372 1446 411 1475 et
431 1436 604 1474 scelerum
624 1449 758 1486 poenas
778 1437 1016 1486 expendimus
1035 1449 1174 1481 omnes,

149 1504 220 1542 Vel
240 1504 382 1542 Priamo
402 1504 599 1541 miseranda
619 1517 742 1540 manus
760 1518 769 1540 :
801 1503 869 1540 scit
890 1504 993 1540 triste
1014 1503 1201 1541 Minervae

154 1571 278 1614 Sidus,
297 1579 335 1608 ct
357 1570 546 1615 Euboicae
566 1579 704 1614 cautes,
724 1569 894 1621 ultorque
909 1570 1132 1620 Caphereus.

151 1637 288 1676 Militia
307 1650 351 1673 ex
371 1636 431 1673 illa
450 1636 630 1673 diversum
649 1636 695 1673 ad
714 1636 817 1674 littus
837 1636 970 1680 adacti,

148 1704 305 1743 Atrides
326 1702 450 1740 Protei
471 1702 660 1740 Menelaus
678 1703 841 1752 adusque
859 1702 1049 1743 columnas

151 1769 324 1814 Exsulat‚
345 1770 536 1807 Aetnaeos
555 1769 647 1807 vidit
666 1769 852 1820 Cyclopas
873 1768 1016 1807 Ulixes.

151 1837 284 1888 Regna
304 1836 541 1887 Neoptolemi
561 1836 725 1882 referam,
744 1849 938 1885 versosque
960 1834 1108 1873 Penatis

151 1904 338 1942 Idomenei
355 1905 368 1943 ?
397 1904 593 1955 Libycone
613 1904 820 1941 habitantes
838 1903 965 1940 littore
986 1903 1132 1942 Locros
1148 1904 1162 1942 ἓ

150 1972 237 2021 Ipse
258 1971 497 2022 Mycenaeus,
518 1984 732 2022 magnorum
753 1971 888 2008 ductor
907 1969 1110 2014 Achivom,

150 2038 330 2089 Conjugis
349 2037 528 2083 infandae,
559 2039 674 2088 prima
694 2038 789 2075 intra
808 2036 942 2081 limina,
968 2036 1099 2074 dextra

153 2105 351 2155 oppetiit:
381 2104 558 2142 devictam
579 2104 711 2142 Asiam
732 2103 896 2141 subsedit
915 2103 1070 2140 adulter.

155 2170 331 2209 Invidisse
350 2172 451 2216 deos,
472 2172 598 2222 patriis
618 2181 660 2209 ut
681 2172 845 2209 redditus
865 2171 934 2208 aris
1075 2170 1198 2219 [reml

153 2237 378 2290 Conjugium
397 2246 578 2292 optatum,
607 2247 646 2275 et
667 2237 857 2287 pulchram
884 2236 1089 2288 Calydona,
1110 2234 1205 2273 vide-

616 2304 647 2345 B
676 2305 699 2343 b
730 2306 754 2345 2
