1455 2685
194 288 227 314 v.
246 276 308 314 19.
503 271 805 311 AENEIDOS
863 274 961 313 VII.
1198 280 1250 321 67

194 387 301 437 Quos
321 385 509 423 hominum
524 399 569 422 ex
584 384 677 422 facie
692 385 757 422 dea
777 398 880 422 saeva
895 387 1109 436 potentibus
1129 389 1250 430 herbis

195 454 372 491 Induerat
392 453 498 491 Circe
518 452 553 489 in
574 452 694 490 voltus
715 467 757 490 ac
776 462 883 504 terga
903 453 1087 492 ferarum.-

193 522 299 571 Quae
319 535 361 558 ne
381 528 542 557 monstra
560 520 611 570 pii
632 528 843 569 paterentur
861 521 947 557 talia
967 522 1100 567 Troes,

191 586 320 625 Delati
340 587 375 624 in
395 596 538 638 portus,
567 600 637 624 neu
655 586 781 624 littora
800 587 875 625 dira
896 588 1055 626 subirent
1075 604 1086 634 ;

192 653 390 704 Neptunus
411 654 526 691 ventis
544 653 707 704 implevit
727 654 803 692 vela
824 655 1004 699 secundis,

190 720 326 771 Atque
344 720 472 773 fugam
492 721 608 765 dedit,
629 729 666 758 et
688 732 831 772 praeter
850 721 940 759 vada
960 721 1097 759 fervida
1117 722 1229 762 vexit.

241 788 397 839 Jamque
417 788 631 825 rubescebat
645 789 752 825 radiis
766 802 876 834 mare,
895 797 933 826 et
945 789 1092 827 aethere
1108 790 1154 826 ab
1171 789 1245 828 alto

190 855 343 892 Aurora
361 855 397 892 in
416 854 528 893 roseis
546 854 716 906 fulgebat
736 855 835 893 lutea
856 855 966 907 bigis,

190 924 318 973 Quum
337 922 433 960 venti
453 935 620 973 posuere,
640 922 829 975 omnisque
849 931 998 973 repente
1019 923 1153 961 resedit

190 988 332 1033 Flatus‚
351 998 390 1026 et
407 989 443 1026 in
463 988 564 1027 lento
585 989 773 1027 luctantur
793 1003 970 1027 marmore
989 999 1130 1028 tonsae.

187 1057 322 1106 Atque
340 1055 399 1092 hic
420 1056 568 1093 Aeneas
589 1056 774 1106 ingentem
794 1070 838 1093 ex
859 1070 1016 1107 aequore
1035 1056 1162 1095 lucum

190 1124 387 1173 Prospicit.
420 1124 535 1162 Hunc
556 1122 649 1162 inter
669 1122 778 1159 fluvio
800 1123 998 1161 Tiberinus
1022 1137 1189 1170 amoeno,

186 1190 405 1228 Vorticibus
426 1190 572 1241 rapidis,
592 1199 629 1226 et
651 1188 765 1226 multa
787 1190 898 1227 flavus
918 1204 1037 1235 arena,

189 1259 232 1296 In
252 1270 348 1294 mare
367 1257 588 1307 prorumpit.
624 1257 757 1294 Variae
778 1256 1003 1307 circumque,
1023 1271 1218 1309 supraque,
1256 1264 1267 1279 ⁹

186 1325 373 1362 Assuetae
395 1323 481 1374 ripis
500 1323 680 1366 volucres,
700 1333 736 1360 et
759 1323 915 1360 fluminis
936 1324 1052 1369 alveo,

186 1391 358 1430 Aethera
378 1390 586 1428 mulcebant
605 1400 730 1434 cantu,
751 1389 909 1442 lucoque
930 1391 1112 1430 volabant.

187 1457 354 1497 Flectere
375 1459 444 1496 iter
462 1458 581 1502 sociis,
603 1467 791 1507 terraeque
804 1458 990 1495 advertere
1012 1472 1150 1508 proras,

188 1526 365 1576 Imperat,
385 1533 422 1562 et
442 1525 558 1563 laetus
579 1525 688 1562 fluvio
709 1525 872 1562 succedit
891 1539 1022 1575 opaco.

239 1592 351 1630 Nunc
364 1606 439 1643 age.
458 1592 522 1642 qui
538 1606 655 1643 reges,
674 1592 805 1636 Erato,
820 1606 912 1643 quae
926 1601 1093 1642 tempora
1108 1606 1242 1639 rerum,

187 1659 282 1711 Quis
302 1659 417 1697 Latio
435 1659 585 1709 antiquo
605 1658 714 1696 fuerit
735 1666 863 1703 status,
883 1658 1020 1696 advena
1039 1658 1190 1696 classem

185 1728 314 1778 Quum
333 1727 489 1777 primum
508 1725 688 1763 Ausoniis
707 1727 890 1763 exercitus
910 1725 1054 1776 appulit
1074 1727 1161 1771 oris,

187 1793 407 1844 Expediam,
426 1802 463 1830 et
484 1793 621 1843 primae
642 1794 820 1831 revocabo
840 1793 987 1830 exordia
1009 1806 1154 1843 pugnae
1171 1807 1182 1831 ε

185 1861 250 1900 Tu
270 1870 402 1906 vatem,
423 1870 478 1905 tu,
500 1861 613 1905 Diva,
634 1875 750 1898 mone.
793 1861 928 1898 Dicam
950 1860 1096 1897 horrida
1115 1859 1236 1899 bella:

185 1929 321 1967 Dicam
340 1928 446 1974 acies,
467 1937 643 1979 actosque
663 1928 789 1965 animis
814 1929 847 1965 in
869 1926 996 1964 funera
1017 1940 1132 1978 reges,

184 1996 491 2046 Tyrrhenamque
502 2009 661 2040 manum,
673 2004 864 2045 totamque
881 1995 947 2032 sub
963 2008 1059 2031 arma
1075 2003 1242 2033 coactam

186 2062 420 2113 Hesperiam.
452 2062 575 2114 Major
595 2077 712 2101 rerum
726 2062 812 2100 mihi
833 2062 993 2099 nascitur
1011 2061 1103 2098 ordo
1121 2076 1131 2099 :

185 2129 309 2181 Majus
328 2143 420 2182 opus
440 2143 581 2167 moveo.
615 2129 696 2167 Rex
719 2143 803 2166 arva
824 2129 982 2167 Latinus
1001 2137 1037 2166 et
1060 2128 1172 2175 urbis,

183 2196 267 2234 Jam
285 2196 415 2243 senior,
434 2196 545 2249 longa
563 2197 725 2248 placidas
744 2197 780 2234 in
800 2210 890 2248 pace
910 2197 1074 2246 regebat.

674 2264 693 2300 1
724 2265 749 2300 2
