1455 2685
195 333 275 370 222
487 329 790 369 AENEIDOS
847 329 949 368 XII.
1131 343 1167 367 v.
1181 329 1248 370 75.

193 443 358 483 Nuntius
375 443 468 481 haec
489 442 622 480 Idmon
643 441 810 493 Phrygio
830 455 908 479 mea
927 441 1028 479 dicta
1045 451 1220 492 tyranno,

194 512 313 549 Haud
326 510 520 561 placitura,
539 509 652 548 refer:
676 512 772 549 Cum
784 509 943 560 primum
959 508 1116 547 crastina
1127 508 1248 554 coelo,

196 578 366 616 Puniceis
384 578 526 615 invecta
545 577 648 619 rotis,
670 577 823 614 Aurora
842 576 1017 621 rubescit,
1085 580 1248 628 [escant,

193 646 281 684 Non
301 645 470 683 Teucros
488 654 577 696 agat
591 645 626 681 in
651 644 831 682 Rutulos:
854 643 1043 682 Teucrum
1055 657 1153 680 arma
1167 643 1249 693 qui-

194 714 250 752 Εἰ
274 712 455 751 Rutulum
474 728 485 758 ;
515 721 641 750 nostro
673 711 882 749 dirimamus
902 711 1075 763 sanguine
1094 710 1246 748 bellum.

194 781 266 820 Illo
287 789 484 832 quaeratur
501 782 660 831 conjunx
682 778 836 816 Lavinia
854 792 998 829 campo.

239 849 348 888 Haec
365 849 428 886 ubi
444 849 542 885 dicta
554 847 670 892 dedit,
682 846 906 897 rapidusque
921 847 957 883 in
972 855 1073 884 tecta
1084 846 1248 891 recessit,

193 916 322 955 Poscit
341 929 469 967 equos,
503 914 716 966 gaudetque
735 922 843 951 tuens
861 922 945 951 ante
963 927 1028 951 ora
1046 913 1247 960 frementis,

190 984 365 1023 ‘Pilumno
383 997 476 1034 quos
495 983 574 1034 ipsa
601 982 713 1019 decus
732 981 835 1019 dedit
856 981 1059 1033 Orithyia;

193 1052 272 1102 Qui
289 1052 446 1089 candore
465 1050 562 1088 nives
581 1050 774 1095 anteirent,
794 1049 960 1087 cursibus
975 1062 1093 1086 auras.

191 1120 443 1158 Circumstant
463 1118 611 1169 properi
626 1118 788 1169 aurigae,
809 1117 1049 1167 manibusque
1064 1116 1249 1154 lacessunt

193 1187 352 1225 Pectora
370 1186 498 1237 plausa
516 1185 626 1230 cavis,
646 1197 684 1222 et
704 1184 798 1222 colla
817 1184 999 1222 comantia
1022 1193 1194 1235 pectunt.

192 1255 280 1304 Ipse
299 1253 445 1297 dehinc,
465 1266 553 1290 auro
573 1251 798 1303 squalentem
816 1251 975 1302 alboque
993 1251 1194 1296 orichalco,

192 1321 408 1359 Circumdat
427 1320 578 1357 loricam
596 1320 754 1358 humeris
770 1336 780 1366 ;
802 1320 907 1358 simul
926 1328 1032 1370 aptat
1051 1320 1222 1357 habendo

193 1388 418 1439 Ensemque‚
439 1387 685 1438 clipeumque,
705 1396 743 1424 et
754 1388 883 1425 rubrae
902 1401 1039 1425 cornua
1059 1387 1189 1425 cristae
1208 1403 1219 1433 3

193 1456 346 1500 Ensem,
366 1470 476 1505 quem
496 1455 637 1493 Dauno
651 1455 860 1506 ignipotens
876 1454 964 1491 deus
983 1455 1065 1505 ipse
1079 1454 1220 1506 parenti

194 1524 361 1567 Fecerat,
381 1532 418 1560 et
440 1522 574 1574 Stygia
593 1523 807 1559 candentem
822 1521 982 1559 tinxerat
1002 1522 1111 1559 unda.

193 1591 306 1634 Exin,
327 1604 419 1641 quae
439 1590 578 1634 mediis,
597 1589 738 1641 ingenti
758 1589 890 1626 adnixa
909 1588 1113 1634 columnae,

191 1659 365 1696 Aedibus
385 1658 568 1702 adstabat,
589 1657 742 1694 validam
759 1657 794 1693 vi
813 1656 966 1707 corripit
986 1657 1140 1702 hastam,

191 1725 351 1764 Actoris
371 1724 546 1762 Aurunci
561 1724 718 1774 spolium
737 1740 748 1770 3
778 1734 998 1776 quassatque
1014 1733 1247 1771 trementem,

191 1791 431 1830 Vociferans:
463 1792 588 1836 Nunc,
607 1805 631 1828 0
650 1805 837 1842 nunquam
856 1791 1032 1829 frustrata
1051 1801 1202 1829 vocatus

192 1859 318 1898 Hasta
331 1861 444 1897 meos!
464 1873 559 1896 nunc
571 1868 716 1910 tempus
731 1859 848 1905 adest3
865 1868 902 1897 te
916 1858 1094 1896 maximus
1105 1859 1248 1907 Actor,

192 1929 252 1966 Te
272 1926 393 1964 Turni
409 1941 505 1965 nunc
521 1927 650 1964 dextra
663 1927 759 1978 gerit
778 1942 786 1965 :
818 1927 864 1964 da
883 1935 1042 1964 sternere
1058 1940 1206 1977 corpus,

195 1995 442 2045 Loricamque
463 2007 568 2032 manu
589 1993 706 2030 valida
732 1993 890 2032 lacerare
909 1993 1084 2031 revolsam

195 2062 361 2101 Semiviri
383 2062 556 2114 Phrygis,
575 2070 613 2099 et
633 2060 778 2099 foedare
792 2060 827 2098 in
848 2061 997 2112 pulvere
1017 2061 1141 2108 crinis,

193 2130 370 2168 vibratos
389 2129 508 2166 calido
529 2129 640 2173 ferro,
655 2129 876 2180 myrrhaque
890 2128 1082 2166 madentis.

194 2196 271 2235 His
290 2197 413 2249 agitur
432 2195 534 2234 furiis
552 2212 561 2235 z
582 2207 740 2247 totoque
760 2196 919 2234 ardentis
938 2196 984 2233 ab
1004 2210 1067 2233 ore

197 2264 382 2303 Scintillae
403 2263 583 2302 absistunt
603 2279 614 2311 ;
643 2263 758 2302 oculis
778 2263 888 2302 micat
908 2263 1051 2302 acribus
1070 2261 1191 2316 ignis:
