1455 2685
161 337 196 360 ν.
214 323 304 360 549.
467 316 768 356 AENEIDOS
823 317 897 355 VI.
1161 320 1213 356 53

167 432 317 471 Moenia
334 431 408 468 lata
427 430 537 474 videt,
558 428 693 479 triplici
713 428 937 465 circumdata
957 442 1084 478 muro-z

167 501 274 549 Quae
294 498 437 548 rapidus
458 496 607 534 flammis
627 496 740 532 ambit
760 496 980 532 torrentibus
1000 496 1126 539 amnis,

167 567 366 603 Tartareus
387 563 634 614 Phlegethon,
656 571 880 612 torquetque
901 562 1062 599 sonantia
1083 576 1179 599 saxa.

168 632 281 668 Porta
293 631 439 667 adversa
451 630 589 680 ingens,
606 628 794 679 solidoque
809 629 997 665 adamante
1013 628 1214 674 columnae3

168 699 235 736 Vis
255 707 296 735 ut
316 696 413 735 nulla
435 697 560 740 virum,
582 710 652 733 non
673 696 740 745 ipsi
761 696 967 732 exscindere
988 696 1083 733 feri-o

168 764 374 803 Coelicolae
394 763 533 800 valeant
552 778 560 800 ε
593 771 665 800 stat
687 762 800 799 ferrea
819 763 928 800 turris
947 764 992 800 ad
1012 777 1115 800 auras
1132 778 1143 801 z

167 831 445 882 Tisiphoneque
465 830 602 874 sedens,
624 829 718 879 palla
738 830 923 866 succincta
947 839 1111 875 cruenta,

167 897 402 935 Vestibulum
422 897 602 935 exsomnis
623 906 738 933 servat
759 906 973 947 noctesque,
1000 898 1163 948 diesque.

169 964 272 1002 Hinc
291 964 451 1002 exaudiri
471 964 642 1015 gemitus,
662 972 699 1001 et
720 977 820 1001 saeva
842 978 965 1002 sonare

167 1031 330 1068 Verbera
348 1046 358 1076 ;
387 1040 466 1068 tum
487 1031 620 1068 stridor
639 1030 737 1074 ferri,
758 1039 969 1081 tractaeque
989 1040 1150 1070 catenae.

169 1099 348 1136 Constitit
369 1099 529 1142 Aeneas,
550 1098 815 1147 strepitumque
836 1099 1033 1136 exterritus
1053 1100 1184 1137 hausit.

169 1167 275 1215 Quae
295 1164 469 1202 scelerum
488 1163 598 1201 facies
616 1165 628 1201 ?
656 1178 678 1200 o
700 1164 801 1215 virgo
821 1167 829 1201 Ξ
853 1164 961 1202 effare
980 1180 988 1202 ε
1017 1166 1192 1215 quibusve

170 1233 390 1283 Urguentur
410 1230 535 1281 poenis
553 1231 565 1268 ἓ
594 1230 655 1280 qui
676 1241 799 1267 tantus
820 1231 976 1282 plangor
995 1233 1040 1269 ad
1060 1246 1161 1270 auras
1179 1234 1191 1271 ?

222 1298 325 1336 Tum
337 1307 435 1334 vates
455 1298 506 1334 sie
521 1310 601 1333 orsa
617 1296 735 1347 loqui:
760 1297 851 1334 Dux
869 1297 1004 1335 inclute
1018 1298 1219 1345 Teucrum,

170 1366 274 1406 Nulli
294 1365 348 1403 fas
366 1374 469 1402 casto
490 1363 702 1401 sceleratum
723 1364 884 1402 insistere
903 1365 1010 1403 limen
1029 1382 1038 1404 ε

173 1434 246 1471 Sed
266 1447 334 1477 me,
355 1446 466 1483 quum
487 1431 578 1468 lucis
602 1431 749 1468 Hecate
768 1431 944 1481 praefecit
967 1433 1139 1479 Avernis,

172 1501 258 1550 Ipsa
278 1500 384 1537 deum
402 1512 535 1549 poenas
556 1498 697 1541 docuit,
718 1512 856 1548 perque
876 1499 995 1536 omnia
1014 1501 1132 1538 duxit.

172 1566 334 1607 Gnosius
350 1566 438 1602 haec
457 1565 757 1602 Rhadamanthus
771 1566 880 1602 habet
894 1567 1082 1604 durissima
1097 1583 1221 1620 regna,

171 1635 414 1685 Castigatque
433 1632 607 1682 auditque
626 1632 743 1675 dolos,
765 1633 976 1684 subigitque
995 1634 1115 1680 fateri,

172 1704 278 1752 Quae
299 1701 379 1751 quis
399 1700 496 1750 apud
516 1713 680 1750 superos,
699 1699 800 1737 furto
820 1700 975 1738 laetatus
994 1701 1102 1747 inani,

172 1767 331 1807 Distulit
350 1768 385 1804 in
407 1781 519 1804 seram
539 1767 728 1804 commissa
746 1767 887 1817 piacula
907 1777 1074 1806 mortem.

172 1835 360 1874 Continuo
381 1834 494 1871 sontis
513 1834 640 1878 ultrix,
661 1834 828 1871 accincta
849 1834 1009 1884 flagello,

172 1902 378 1954 Tisiphone
397 1901 516 1952 quatit
536 1901 724 1944 insultans,
745 1910 941 1951 torvosque
961 1901 1103 1939 sinistra

175 1969 364 2006 Intcutans
384 1968 512 2019 anguis
533 1977 638 2005 vocat
659 1968 804 2019 agmina
824 1981 926 2004 saeva
946 1982 1122 2006 sororum.

173 2035 275 2072 Tum
295 2036 455 2078 demum,
477 2035 663 2072 horrisono
684 2035 876 2072 stridentes
897 2035 1054 2079 cardine,
1076 2049 1196 2073 sacrae

175 2101 392 2138 Panduntur
411 2111 551 2151 portae.
583 2102 723 2146 Cei-nis,
743 2102 911 2138 custodia
932 2101 1047 2151 qualis

174 2168 372 2205 Vestibulo
388 2169 538 2206 sedeat?
567 2167 676 2205 facies
697 2182 788 2217 quae
808 2167 929 2204 limina
949 2168 1091 2204 servet?

176 2234 456 2286 Quinquaginta
476 2235 561 2273 atris
582 2234 744 2272 immanis
764 2234 936 2279 hiatibuS,
959 2234 1093 2283 Hydra
