<?xml version="1.0" encoding="UTF-8"?>
<!DOCTYPE html PUBLIC "-//W3C//DTD XHTML 1.0 Transitional//EN"
    "http://www.w3.org/TR/xhtml1/DTD/xhtml1-transitional.dtd">
<html xmlns="http://www.w3.org/1999/xhtml" xml:lang="en" lang="en">
 <head>
  <title>
</title>
<meta http-equiv="Content-Type" content="text/html;charset=utf-8" />
  <meta name='ocr-system' content='tesseract 3.04.00' />
  <meta name='ocr-capabilities' content='ocr_page ocr_carea ocr_par ocr_line ocrx_word'/>
</head>
<body>
  <div class='ocr_page' id='page_1' title='image "./operahun02virguoft_0169.png"; bbox 0 0 1455 2685; ppageno 0'>
   <div class='ocr_carea' id='block_1_1' title="bbox 144 341 1201 382">
    <p class='ocr_par' dir='ltr' id='par_1_1' title="bbox 144 341 1201 382">
     <span class='ocr_line' id='line_1_1' title="bbox 144 341 1201 382; baseline -0.003 -2"><span class='ocrx_word' id='word_1_1' title='bbox 144 349 179 381; x_wconf 61' lang='lat' dir='ltr'>vc</span> <span class='ocrx_word' id='word_1_2' title='bbox 198 345 289 382; x_wconf 81' lang='lat'><strong><em>215.</em></strong></span> <span class='ocrx_word' id='word_1_3' title='bbox 466 341 773 379; x_wconf 86' lang='lat' dir='ltr'>AENEIDOS</span> <span class='ocrx_word' id='word_1_4' title='bbox 832 342 883 379; x_wconf 87' lang='lat' dir='ltr'>X.</span> <span class='ocrx_word' id='word_1_5' title='bbox 1133 343 1201 380; x_wconf 78' lang='lat'>161</span> 
     </span>
    </p>
   </div>
   <div class='ocr_carea' id='block_1_2' title="bbox 96 452 1189 2238">
    <p class='ocr_par' dir='ltr' id='par_1_2' title="bbox 138 452 1175 1303">
     <span class='ocr_line' id='line_1_2' title="bbox 195 452 1148 505; baseline -0.004 -12"><span class='ocrx_word' id='word_1_6' title='bbox 195 456 352 505; x_wconf 85' lang='lat' dir='ltr'>Jamque</span> <span class='ocrx_word' id='word_1_7' title='bbox 370 453 446 492; x_wconf 87' lang='lat' dir='ltr'>dies</span> <span class='ocrx_word' id='word_1_8' title='bbox 465 454 568 491; x_wconf 87' lang='lat' dir='ltr'>coelo</span> <span class='ocrx_word' id='word_1_9' title='bbox 588 462 833 497; x_wconf 84' lang='lat' dir='ltr'><strong>concesserat,</strong></span> <span class='ocrx_word' id='word_1_10' title='bbox 853 452 1018 503; x_wconf 87' lang='lat' dir='ltr'>almaque</span> <span class='ocrx_word' id='word_1_11' title='bbox 1037 459 1148 490; x_wconf 83' lang='lat' dir='ltr'>curru&#39;</span> 
     </span>
     <span class='ocr_line' id='line_1_3' title="bbox 146 519 1157 574; baseline -0.003 -15"><span class='ocrx_word' id='word_1_12' title='bbox 146 521 531 574; x_wconf 77' lang='lat' dir='ltr'>NoctivagoPhoebe</span> <span class='ocrx_word' id='word_1_13' title='bbox 552 520 710 557; x_wconf 85' lang='lat' dir='ltr'>medium</span> <span class='ocrx_word' id='word_1_14' title='bbox 731 519 901 571; x_wconf 80' lang='lat' dir='ltr'>pulsabat</span> <span class='ocrx_word' id='word_1_15' title='bbox 922 519 1127 570; x_wconf 89' lang='lat' dir='ltr'>Olympum</span> <span class='ocrx_word' id='word_1_16' title='bbox 1144 536 1157 557; x_wconf 62' lang='grc' dir='ltr'><em>ε</em></span> 
     </span>
     <span class='ocr_line' id='line_1_4' title="bbox 145 586 1146 639; baseline -0.004 -13"><span class='ocrx_word' id='word_1_17' title='bbox 145 588 308 633; x_wconf 82' lang='lat' dir='ltr'>Aeneas,</span> <span class='ocrx_word' id='word_1_18' title='bbox 337 603 454 639; x_wconf 88' lang='lat' dir='ltr'>neque</span> <span class='ocrx_word' id='word_1_19' title='bbox 473 588 567 625; x_wconf 89' lang='lat' dir='ltr'>enim</span> <span class='ocrx_word' id='word_1_20' title='bbox 587 587 756 624; x_wconf 91' lang='lat' dir='ltr'>membris</span> <span class='ocrx_word' id='word_1_21' title='bbox 784 587 847 624; x_wconf 86' lang='lat' dir='ltr'>dat</span> <span class='ocrx_word' id='word_1_22' title='bbox 867 600 952 624; x_wconf 85' lang='lat' dir='ltr'>cura</span> <span class='ocrx_word' id='word_1_23' title='bbox 972 586 1146 636; x_wconf 85' lang='lat' dir='ltr'>quietem,</span> 
     </span>
     <span class='ocr_line' id='line_1_5' title="bbox 146 652 1143 705; baseline -0.003 -13"><span class='ocrx_word' id='word_1_24' title='bbox 146 655 234 705; x_wconf 88' lang='lat' dir='ltr'>Ipse</span> <span class='ocrx_word' id='word_1_25' title='bbox 255 656 379 692; x_wconf 88' lang='lat' dir='ltr'>sedens</span> <span class='ocrx_word' id='word_1_26' title='bbox 398 655 612 704; x_wconf 88' lang='lat' dir='ltr'>clavumque</span> <span class='ocrx_word' id='word_1_27' title='bbox 632 654 742 705; x_wconf 84' lang='lat' dir='ltr'>regit,</span> <span class='ocrx_word' id='word_1_28' title='bbox 771 652 929 703; x_wconf 89' lang='lat' dir='ltr'>velisque</span> <span class='ocrx_word' id='word_1_29' title='bbox 949 652 1143 689; x_wconf 85' lang='lat' dir='ltr'>ministrat.</span> 
     </span>
     <span class='ocr_line' id='line_1_6' title="bbox 146 720 1174 771; baseline -0.003 -13"><span class='ocrx_word' id='word_1_30' title='bbox 146 722 281 771; x_wconf 84' lang='lat' dir='ltr'>Atque</span> <span class='ocrx_word' id='word_1_31' title='bbox 299 721 364 767; x_wconf 87' lang='lat' dir='ltr'>illi,</span> <span class='ocrx_word' id='word_1_32' title='bbox 393 721 512 758; x_wconf 91' lang='lat' dir='ltr'>medio</span> <span class='ocrx_word' id='word_1_33' title='bbox 532 722 566 758; x_wconf 87' lang='lat' dir='ltr'>in</span> <span class='ocrx_word' id='word_1_34' title='bbox 588 721 719 771; x_wconf 88' lang='lat' dir='ltr'>spatio,</span> <span class='ocrx_word' id='word_1_35' title='bbox 739 720 870 757; x_wconf 88' lang='lat' dir='ltr'>chorus</span> <span class='ocrx_word' id='word_1_36' title='bbox 889 733 973 757; x_wconf 90' lang='lat' dir='ltr'>ecce</span> <span class='ocrx_word' id='word_1_37' title='bbox 992 721 1000 756; x_wconf 91' lang='lat'>!</span> <span class='ocrx_word' id='word_1_38' title='bbox 1029 732 1174 755; x_wconf 88' lang='lat' dir='ltr'>suarum</span> 
     </span>
     <span class='ocr_line' id='line_1_7' title="bbox 145 784 1175 837; baseline -0.004 -12"><span class='ocrx_word' id='word_1_39' title='bbox 145 788 321 825; x_wconf 78' lang='lat' dir='ltr'>Occurrit</span> <span class='ocrx_word' id='word_1_40' title='bbox 341 787 541 825; x_wconf 89' lang='lat' dir='ltr'>comitum:</span> <span class='ocrx_word' id='word_1_41' title='bbox 573 786 771 837; x_wconf 87' lang='lat' dir='ltr'>nymphae,</span> <span class='ocrx_word' id='word_1_42' title='bbox 795 800 884 836; x_wconf 88' lang='lat' dir='ltr'>quas</span> <span class='ocrx_word' id='word_1_43' title='bbox 904 785 997 822; x_wconf 87' lang='lat' dir='ltr'>alma</span> <span class='ocrx_word' id='word_1_44' title='bbox 1017 784 1175 835; x_wconf 79' lang='lat' dir='ltr'>Cybebe</span> 
     </span>
     <span class='ocr_line' id='line_1_8' title="bbox 146 852 1169 904; baseline -0.005 -11"><span class='ocrx_word' id='word_1_45' title='bbox 146 855 295 893; x_wconf 85' lang='lat' dir='ltr'>Numen</span> <span class='ocrx_word' id='word_1_46' title='bbox 314 855 446 892; x_wconf 85' lang='lat' dir='ltr'>habere</span> <span class='ocrx_word' id='word_1_47' title='bbox 466 854 585 898; x_wconf 86' lang='lat' dir='ltr'>maris,</span> <span class='ocrx_word' id='word_1_48' title='bbox 605 853 855 904; x_wconf 78' lang='lat' dir='ltr'>nymphasque</span> <span class='ocrx_word' id='word_1_49' title='bbox 874 868 894 890; x_wconf 89' lang='lat' dir='ltr'>e</span> <span class='ocrx_word' id='word_1_50' title='bbox 913 852 1062 889; x_wconf 90' lang='lat' dir='ltr'>navibus</span> <span class='ocrx_word' id='word_1_51' title='bbox 1080 865 1169 897; x_wconf 85' lang='lat' dir='ltr'>esse,</span> 
     </span>
     <span class='ocr_line' id='line_1_9' title="bbox 141 920 1137 970; baseline -0.004 -11"><span class='ocrx_word' id='word_1_52' title='bbox 141 922 318 967; x_wconf 81' lang='lat' dir='ltr'>Jusserat‚</span> <span class='ocrx_word' id='word_1_53' title='bbox 347 922 519 958; x_wconf 86' lang='lat' dir='ltr'>innabant</span> <span class='ocrx_word' id='word_1_54' title='bbox 538 921 685 970; x_wconf 88' lang='lat' dir='ltr'>pariter,</span> <span class='ocrx_word' id='word_1_55' title='bbox 716 920 924 969; x_wconf 88' lang='lat' dir='ltr'>fluctusque</span> <span class='ocrx_word' id='word_1_56' title='bbox 945 920 1137 964; x_wconf 86' lang='lat' dir='ltr'>secabant;</span> 
     </span>
     <span class='ocr_line' id='line_1_10' title="bbox 144 985 1099 1038; baseline -0.004 -13"><span class='ocrx_word' id='word_1_57' title='bbox 144 989 250 1038; x_wconf 81' lang='lat' dir='ltr'>Quot</span> <span class='ocrx_word' id='word_1_58' title='bbox 270 988 368 1037; x_wconf 85' lang='lat' dir='ltr'>prius</span> <span class='ocrx_word' id='word_1_59' title='bbox 387 998 529 1024; x_wconf 82' lang='lat' dir='ltr'>aeratae</span> <span class='ocrx_word' id='word_1_60' title='bbox 549 994 728 1022; x_wconf 83' lang='lat' dir='ltr'>steterant</span> <span class='ocrx_word' id='word_1_61' title='bbox 748 985 795 1022; x_wconf 89' lang='lat' dir='ltr'>ad</span> <span class='ocrx_word' id='word_1_62' title='bbox 814 985 939 1022; x_wconf 81' lang='lat' dir='ltr'>littora</span> <span class='ocrx_word' id='word_1_63' title='bbox 957 998 1099 1035; x_wconf 84' lang='lat' dir='ltr'>prorae.</span> 
     </span>
     <span class='ocr_line' id='line_1_11' title="bbox 139 1051 1085 1106; baseline -0.002 -15"><span class='ocrx_word' id='word_1_64' title='bbox 139 1055 371 1106; x_wconf 84' lang='lat' dir='ltr'>Agnoscunt</span> <span class='ocrx_word' id='word_1_65' title='bbox 391 1053 501 1104; x_wconf 87' lang='lat' dir='ltr'>longe</span> <span class='ocrx_word' id='word_1_66' title='bbox 521 1065 659 1103; x_wconf 87' lang='lat' dir='ltr'>regem,</span> <span class='ocrx_word' id='word_1_67' title='bbox 678 1051 908 1102; x_wconf 81' lang='lat' dir='ltr'>lustrantque</span> <span class='ocrx_word' id='word_1_68' title='bbox 927 1052 1085 1089; x_wconf 72' lang='lat' dir='ltr'>chore&#39;i&#39;s.</span> 
     </span>
     <span class='ocr_line' id='line_1_12' title="bbox 138 1118 1082 1170; baseline -0.002 -13"><span class='ocrx_word' id='word_1_69' title='bbox 138 1122 322 1170; x_wconf 79' lang='lat' dir='ltr'>Quarum,</span> <span class='ocrx_word' id='word_1_70' title='bbox 352 1134 446 1170; x_wconf 83' lang='lat' dir='ltr'>quae</span> <span class='ocrx_word' id='word_1_71' title='bbox 465 1118 564 1156; x_wconf 84' lang='lat' dir='ltr'>fandi</span> <span class='ocrx_word' id='word_1_72' title='bbox 583 1119 808 1163; x_wconf 88' lang='lat' dir='ltr'>doctissima,</span> <span class='ocrx_word' id='word_1_73' title='bbox 830 1119 1082 1169; x_wconf 87' lang='lat' dir='ltr'>Cymodocea,</span> 
     </span>
     <span class='ocr_line' id='line_1_13' title="bbox 139 1184 1166 1237; baseline -0.005 -12"><span class='ocrx_word' id='word_1_74' title='bbox 139 1187 241 1225; x_wconf 89' lang='lat' dir='ltr'>Pone</span> <span class='ocrx_word' id='word_1_75' title='bbox 263 1201 428 1237; x_wconf 89' lang='lat' dir='ltr'>sequens,</span> <span class='ocrx_word' id='word_1_76' title='bbox 449 1187 578 1224; x_wconf 87' lang='lat' dir='ltr'>dextra</span> <span class='ocrx_word' id='word_1_77' title='bbox 589 1186 742 1237; x_wconf 78' lang='lat' dir='ltr'>puppim</span> <span class='ocrx_word' id='word_1_78' title='bbox 761 1185 1035 1235; x_wconf 82' lang='lat' dir='ltr'>tenet‚ipsaque</span> <span class='ocrx_word' id='word_1_79' title='bbox 1055 1184 1166 1220; x_wconf 92' lang='lat' dir='ltr'>dorso</span> 
     </span>
     <span class='ocr_line' id='line_1_14' title="bbox 140 1251 1009 1303; baseline -0.001 -13"><span class='ocrx_word' id='word_1_80' title='bbox 140 1254 302 1298; x_wconf 86' lang='lat' dir='ltr'>Eminet,</span> <span class='ocrx_word' id='word_1_81' title='bbox 323 1268 365 1290; x_wconf 90' lang='lat' dir='ltr'>ac</span> <span class='ocrx_word' id='word_1_82' title='bbox 386 1253 485 1290; x_wconf 79' lang='lat' dir='ltr'>laeva</span> <span class='ocrx_word' id='word_1_83' title='bbox 504 1252 626 1290; x_wconf 84' lang='lat' dir='ltr'>tacitis</span> <span class='ocrx_word' id='word_1_84' title='bbox 648 1253 872 1303; x_wconf 81' lang='lat' dir='ltr'>subremigat</span> <span class='ocrx_word' id='word_1_85' title='bbox 892 1251 1009 1289; x_wconf 86' lang='lat' dir='ltr'>undis.</span> 
     </span>
    </p>

    <p class='ocr_par' dir='ltr' id='par_1_3' title="bbox 136 1319 1186 1438">
     <span class='ocr_line' id='line_1_15' title="bbox 136 1319 1186 1372; baseline -0.004 -14"><span class='ocrx_word' id='word_1_86' title='bbox 136 1319 238 1358; x_wconf 89' lang='lat' dir='ltr'>Tum</span> <span class='ocrx_word' id='word_1_87' title='bbox 259 1320 307 1358; x_wconf 90' lang='lat' dir='ltr'>sic</span> <span class='ocrx_word' id='word_1_88' title='bbox 328 1321 495 1372; x_wconf 87' lang='lat' dir='ltr'>ignarum</span> <span class='ocrx_word' id='word_1_89' title='bbox 508 1319 726 1369; x_wconf 84' lang='lat' dir='ltr'>alloquitur:</span> <span class='ocrx_word' id='word_1_90' title='bbox 745 1319 946 1370; x_wconf 84' lang='lat' dir='ltr'>Vigilasne‚</span> <span class='ocrx_word' id='word_1_91' title='bbox 963 1319 1068 1357; x_wconf 64' lang='lat' dir='ltr'>deum</span> <span class='ocrx_word' id='word_1_92' title='bbox 1084 1331 1186 1369; x_wconf 85' lang='lat' dir='ltr'>gens,</span> 
     </span>
     <span class='ocr_line' id='line_1_16' title="bbox 136 1385 990 1438; baseline -0.002 -14"><span class='ocrx_word' id='word_1_93' title='bbox 136 1386 294 1424; x_wconf 81' lang='lat' dir='ltr'>Aenea?</span> <span class='ocrx_word' id='word_1_94' title='bbox 325 1386 445 1438; x_wconf 85' lang='lat' dir='ltr'>vigila,</span> <span class='ocrx_word' id='word_1_95' title='bbox 465 1396 504 1424; x_wconf 90' lang='lat' dir='ltr'>et</span> <span class='ocrx_word' id='word_1_96' title='bbox 524 1385 611 1422; x_wconf 91' lang='lat' dir='ltr'>velis</span> <span class='ocrx_word' id='word_1_97' title='bbox 630 1386 787 1422; x_wconf 86' lang='lat' dir='ltr'>immitte</span> <span class='ocrx_word' id='word_1_98' title='bbox 808 1386 990 1422; x_wconf 76' lang='lat' dir='ltr'>rudentes·-</span> 
     </span>
    </p>

    <p class='ocr_par' dir='ltr' id='par_1_4' title="bbox 138 1453 997 1502">
     <span class='ocr_line' id='line_1_17' title="bbox 138 1453 997 1502; baseline -0.002 -12"><span class='ocrx_word' id='word_1_99' title='bbox 138 1453 218 1491; x_wconf 91' lang='lat' dir='ltr'>Nos</span> <span class='ocrx_word' id='word_1_100' title='bbox 239 1466 362 1490; x_wconf 83' lang='lat' dir='ltr'>sumus</span> <span class='ocrx_word' id='word_1_101' title='bbox 384 1454 514 1490; x_wconf 84' lang='lat' dir='ltr'>Idaeae</span> <span class='ocrx_word' id='word_1_102' title='bbox 534 1466 637 1490; x_wconf 86' lang='lat' dir='ltr'>sacro</span> <span class='ocrx_word' id='word_1_103' title='bbox 658 1453 703 1489; x_wconf 91' lang='lat' dir='ltr'>de</span> <span class='ocrx_word' id='word_1_104' title='bbox 723 1453 856 1489; x_wconf 90' lang='lat' dir='ltr'>vertice</span> <span class='ocrx_word' id='word_1_105' title='bbox 876 1454 997 1502; x_wconf 85' lang='lat' dir='ltr'>pinus,</span> 
     </span>
    </p>

    <p class='ocr_par' dir='ltr' id='par_1_5' title="bbox 134 1519 1189 1904">
     <span class='ocr_line' id='line_1_18' title="bbox 137 1519 1189 1571; baseline -0.002 -14"><span class='ocrx_word' id='word_1_106' title='bbox 137 1519 248 1558; x_wconf 87' lang='lat' dir='ltr'>Nunc</span> <span class='ocrx_word' id='word_1_107' title='bbox 268 1519 389 1571; x_wconf 86' lang='lat' dir='ltr'>pelagi</span> <span class='ocrx_word' id='word_1_108' title='bbox 410 1520 608 1570; x_wconf 85' lang='lat' dir='ltr'>nymphae,</span> <span class='ocrx_word' id='word_1_109' title='bbox 629 1519 750 1557; x_wconf 82' lang='lat' dir='ltr'>classis</span> <span class='ocrx_word' id='word_1_110' title='bbox 770 1529 846 1556; x_wconf 91' lang='lat' dir='ltr'>tua.</span> <span class='ocrx_word' id='word_1_111' title='bbox 878 1519 1044 1556; x_wconf 88' lang='lat' dir='ltr'>Perfidus</span> <span class='ocrx_word' id='word_1_112' title='bbox 1064 1527 1105 1556; x_wconf 89' lang='lat' dir='ltr'>ut</span> <span class='ocrx_word' id='word_1_113' title='bbox 1125 1529 1189 1555; x_wconf 76' lang='lat' dir='ltr'>nos</span> 
     </span>
     <span class='ocr_line' id='line_1_19' title="bbox 136 1585 1110 1636; baseline -0.001 -13"><span class='ocrx_word' id='word_1_114' title='bbox 136 1586 358 1636; x_wconf 86' lang='lat' dir='ltr'>Praecipites</span> <span class='ocrx_word' id='word_1_115' title='bbox 379 1585 474 1623; x_wconf 87' lang='lat' dir='ltr'>ferro</span> <span class='ocrx_word' id='word_1_116' title='bbox 498 1586 661 1624; x_wconf 88' lang='lat' dir='ltr'>Rutulus</span> <span class='ocrx_word' id='word_1_117' title='bbox 682 1587 896 1636; x_wconf 81' lang='lat' dir='ltr'>flammaque</span> <span class='ocrx_word' id='word_1_118' title='bbox 909 1585 1110 1635; x_wconf 90' lang='lat' dir='ltr'>premebat,</span> 
     </span>
     <span class='ocr_line' id='line_1_20' title="bbox 139 1652 1104 1704; baseline -0.003 -14"><span class='ocrx_word' id='word_1_119' title='bbox 139 1652 324 1704; x_wconf 86' lang='lat' dir='ltr'>Rupimus</span> <span class='ocrx_word' id='word_1_120' title='bbox 343 1653 476 1690; x_wconf 86' lang='lat' dir='ltr'>invitae</span> <span class='ocrx_word' id='word_1_121' title='bbox 496 1662 560 1690; x_wconf 85' lang='lat' dir='ltr'>tua</span> <span class='ocrx_word' id='word_1_122' title='bbox 579 1653 732 1696; x_wconf 88' lang='lat' dir='ltr'>vincula,</span> <span class='ocrx_word' id='word_1_123' title='bbox 753 1664 863 1702; x_wconf 88' lang='lat' dir='ltr'>teque</span> <span class='ocrx_word' id='word_1_124' title='bbox 883 1666 947 1703; x_wconf 88' lang='lat' dir='ltr'>per</span> <span class='ocrx_word' id='word_1_125' title='bbox 967 1665 1104 1701; x_wconf 88' lang='lat' dir='ltr'>aequor</span> 
     </span>
     <span class='ocr_line' id='line_1_21' title="bbox 136 1716 1184 1771; baseline -0.002 -15"><span class='ocrx_word' id='word_1_126' title='bbox 136 1719 366 1769; x_wconf 79' lang='lat' dir='ltr'>Quaerimus.</span> <span class='ocrx_word' id='word_1_127' title='bbox 398 1719 511 1757; x_wconf 88' lang='lat' dir='ltr'>Hanc</span> <span class='ocrx_word' id='word_1_128' title='bbox 532 1720 700 1771; x_wconf 83' lang='lat' dir='ltr'>genetrix</span> <span class='ocrx_word' id='word_1_129' title='bbox 716 1719 846 1757; x_wconf 79' lang='lat' dir='ltr'>faciem</span> <span class='ocrx_word' id='word_1_130' title='bbox 862 1718 1028 1756; x_wconf 85' lang='lat' dir='ltr'>miserata</span> <span class='ocrx_word' id='word_1_131' title='bbox 1043 1716 1184 1761; x_wconf 86' lang='lat' dir='ltr'>refecit,</span> 
     </span>
     <span class='ocr_line' id='line_1_22' title="bbox 136 1784 1132 1837; baseline -0.002 -15"><span class='ocrx_word' id='word_1_132' title='bbox 136 1786 190 1823; x_wconf 85' lang='lat' dir='ltr'>Et</span> <span class='ocrx_word' id='word_1_133' title='bbox 210 1786 311 1823; x_wconf 91' lang='lat' dir='ltr'>dedit</span> <span class='ocrx_word' id='word_1_134' title='bbox 331 1799 407 1824; x_wconf 87' lang='lat' dir='ltr'>esse</span> <span class='ocrx_word' id='word_1_135' title='bbox 427 1787 524 1832; x_wconf 81' lang='lat' dir='ltr'>deas,</span> <span class='ocrx_word' id='word_1_136' title='bbox 544 1801 745 1837; x_wconf 86' lang='lat' dir='ltr'>aevumque</span> <span class='ocrx_word' id='word_1_137' title='bbox 768 1786 905 1837; x_wconf 87' lang='lat' dir='ltr'>agitare</span> <span class='ocrx_word' id='word_1_138' title='bbox 926 1785 994 1822; x_wconf 90' lang='lat' dir='ltr'>sub</span> <span class='ocrx_word' id='word_1_139' title='bbox 1014 1784 1132 1821; x_wconf 90' lang='lat' dir='ltr'>undis.</span> 
     </span>
     <span class='ocr_line' id='line_1_23' title="bbox 134 1852 1016 1904; baseline 0 -15"><span class='ocrx_word' id='word_1_140' title='bbox 134 1852 195 1889; x_wconf 87' lang='lat' dir='ltr'>At</span> <span class='ocrx_word' id='word_1_141' title='bbox 215 1866 307 1903; x_wconf 89' lang='lat' dir='ltr'>puer</span> <span class='ocrx_word' id='word_1_142' title='bbox 325 1852 514 1890; x_wconf 87' lang='lat' dir='ltr'>Ascanius</span> <span class='ocrx_word' id='word_1_143' title='bbox 533 1868 637 1892; x_wconf 87' lang='lat' dir='ltr'>muro</span> <span class='ocrx_word' id='word_1_144' title='bbox 658 1853 836 1904; x_wconf 88' lang='lat' dir='ltr'>fossisque</span> <span class='ocrx_word' id='word_1_145' title='bbox 856 1862 1016 1895; x_wconf 85' lang='lat' dir='ltr'>tenetur,</span> 
     </span>
    </p>

    <p class='ocr_par' dir='ltr' id='par_1_6' title="bbox 96 1916 1156 2104">
     <span class='ocr_line' id='line_1_24' title="bbox 96 1916 1156 1972; baseline 0 -15"><span class='ocrx_word' id='word_1_146' title='bbox 96 1916 98 1919; x_wconf 56' lang='grc'>’</span> <span class='ocrx_word' id='word_1_147' title='bbox 133 1918 229 1957; x_wconf 84' lang='lat' dir='ltr'>Tela</span> <span class='ocrx_word' id='word_1_148' title='bbox 247 1920 342 1958; x_wconf 90' lang='lat' dir='ltr'>inter</span> <span class='ocrx_word' id='word_1_149' title='bbox 361 1921 490 1966; x_wconf 86' lang='lat' dir='ltr'>media,</span> <span class='ocrx_word' id='word_1_150' title='bbox 510 1930 622 1972; x_wconf 89' lang='lat' dir='ltr'>atque</span> <span class='ocrx_word' id='word_1_151' title='bbox 642 1921 821 1958; x_wconf 87' lang='lat' dir='ltr'>horrentis</span> <span class='ocrx_word' id='word_1_152' title='bbox 842 1920 965 1957; x_wconf 87' lang='lat' dir='ltr'>Marte</span> <span class='ocrx_word' id='word_1_153' title='bbox 986 1918 1156 1957; x_wconf 70' lang='lat' dir='ltr'>Latinos.</span> 
     </span>
     <span class='ocr_line' id='line_1_25' title="bbox 132 1985 1091 2038; baseline -0.002 -14"><span class='ocrx_word' id='word_1_154' title='bbox 132 1986 215 2024; x_wconf 88' lang='lat' dir='ltr'>Jam</span> <span class='ocrx_word' id='word_1_155' title='bbox 234 1986 315 2024; x_wconf 92' lang='lat' dir='ltr'>loca</span> <span class='ocrx_word' id='word_1_156' title='bbox 329 1989 429 2038; x_wconf 85' lang='lat' dir='ltr'>jussa</span> <span class='ocrx_word' id='word_1_157' title='bbox 448 1996 575 2024; x_wconf 85' lang='lat' dir='ltr'>tenent</span> <span class='ocrx_word' id='word_1_158' title='bbox 596 1987 682 2024; x_wconf 88' lang='lat' dir='ltr'>forti</span> <span class='ocrx_word' id='word_1_159' title='bbox 703 1987 906 2037; x_wconf 88' lang='lat' dir='ltr'>permixtus</span> <span class='ocrx_word' id='word_1_160' title='bbox 927 1985 1091 2022; x_wconf 87' lang='lat' dir='ltr'>Etrusco</span> 
     </span>
     <span class='ocr_line' id='line_1_26' title="bbox 132 2053 1037 2104; baseline -0.002 -14"><span class='ocrx_word' id='word_1_161' title='bbox 132 2053 255 2091; x_wconf 86' lang='lat' dir='ltr'>Arcas</span> <span class='ocrx_word' id='word_1_162' title='bbox 274 2067 397 2103; x_wconf 84' lang='lat' dir='ltr'>eques.</span> <span class='ocrx_word' id='word_1_163' title='bbox 429 2053 573 2091; x_wconf 84' lang='lat' dir='ltr'>Medias</span> <span class='ocrx_word' id='word_1_164' title='bbox 592 2053 660 2091; x_wconf 92' lang='lat' dir='ltr'>illis</span> <span class='ocrx_word' id='word_1_165' title='bbox 680 2067 865 2104; x_wconf 85' lang='lat' dir='ltr'>opponere</span> <span class='ocrx_word' id='word_1_166' title='bbox 885 2061 1037 2096; x_wconf 84' lang='lat' dir='ltr'>turmas,</span> 
     </span>
    </p>

    <p class='ocr_par' dir='ltr' id='par_1_7' title="bbox 133 2119 1080 2238">
     <span class='ocr_line' id='line_1_27' title="bbox 133 2119 1080 2172; baseline -0.002 -14"><span class='ocrx_word' id='word_1_167' title='bbox 133 2120 193 2158; x_wconf 93' lang='lat' dir='ltr'>Ne</span> <span class='ocrx_word' id='word_1_168' title='bbox 212 2120 340 2157; x_wconf 83' lang='lat' dir='ltr'>castris</span> <span class='ocrx_word' id='word_1_169' title='bbox 353 2122 525 2172; x_wconf 87' lang='lat' dir='ltr'>jungant,</span> <span class='ocrx_word' id='word_1_170' title='bbox 545 2129 644 2158; x_wconf 83' lang='lat' dir='ltr'>certa</span> <span class='ocrx_word' id='word_1_171' title='bbox 665 2130 719 2158; x_wconf 81' lang='lat' dir='ltr'>est</span> <span class='ocrx_word' id='word_1_172' title='bbox 740 2120 917 2158; x_wconf 82' lang='lat' dir='ltr'>sententia</span> <span class='ocrx_word' id='word_1_173' title='bbox 936 2119 1080 2157; x_wconf 75' lang='lat' dir='ltr'>Turno⁰</span> 
     </span>
     <span class='ocr_line' id='line_1_28' title="bbox 136 2187 1041 2238; baseline -0.003 -13"><span class='ocrx_word' id='word_1_174' title='bbox 136 2187 254 2237; x_wconf 87' lang='lat' dir='ltr'>Surge</span> <span class='ocrx_word' id='word_1_175' title='bbox 273 2200 355 2238; x_wconf 86' lang='lat' dir='ltr'>age,</span> <span class='ocrx_word' id='word_1_176' title='bbox 374 2195 412 2224; x_wconf 90' lang='lat' dir='ltr'>et</span> <span class='ocrx_word' id='word_1_177' title='bbox 433 2188 586 2226; x_wconf 81' lang='lat' dir='ltr'>Aurora</span> <span class='ocrx_word' id='word_1_178' title='bbox 605 2188 722 2225; x_wconf 82' lang='lat' dir='ltr'>socios</span> <span class='ocrx_word' id='word_1_179' title='bbox 742 2187 905 2225; x_wconf 79' lang='lat' dir='ltr'>veniente</span> <span class='ocrx_word' id='word_1_180' title='bbox 924 2187 1041 2225; x_wconf 81' lang='lat' dir='ltr'>vocari</span> 
     </span>
    </p>
   </div>
   <div class='ocr_carea' id='block_1_3' title="bbox 187 2253 698 2292">
    <p class='ocr_par' dir='ltr' id='par_1_8' title="bbox 187 2253 698 2292">
     <span class='ocr_line' id='line_1_29' title="bbox 187 2253 698 2292; baseline 0.002 -2"><span class='ocrx_word' id='word_1_181' title='bbox 187 2253 304 2292; x_wconf 84' lang='grc' dir='ltr'>ΤοΜ.</span> <span class='ocrx_word' id='word_1_182' title='bbox 330 2254 386 2292; x_wconf 89' lang='grc' dir='ltr'>ΙΙ.</span> <span class='ocrx_word' id='word_1_183' title='bbox 660 2255 698 2291; x_wconf 90' lang='lat' dir='ltr'>X</span> 
     </span>
    </p>
   </div>
  </div>
 </body>
</html>
