1455 2685
220 302 296 338 130
509 298 810 337 AENEIDOS
868 300 943 338 IX.
1125 316 1159 340 v.
1178 304 1264 343 187.

216 411 325 449 Mens
344 410 462 462 agitat
480 411 565 447 mihi
584 428 594 458 3
614 424 679 448 nec
700 410 843 461 placida
862 420 1034 448 contenta
1055 413 1179 462 quiete
1199 422 1265 453 est.

218 478 360 524 Cernis,
390 491 481 528 quae
505 477 665 515 Rutulos
684 478 817 515 habeat
837 478 969 515 fiducia
988 492 1106 516 rerum
1123 480 1136 517 ?

218 536 378 583 Lumina
397 558 474 581 rara
493 545 627 581 micant
646 559 655 589 ;
685 557 812 580 somno
832 544 987 594 vinoque
1015 545 1161 595 sepulti,

219 612 453 650 Procubuere
473 627 482 656 ;
513 611 616 648 silent
635 610 708 647 late
727 610 818 648 loca·
878 611 1030 661 Percipe
1049 626 1175 662 porro,

219 679 322 728 Quid
341 678 515 720 dubitem,
538 688 574 715 et
588 691 680 727 quae
693 691 787 715 nunc
803 677 921 714 animo
937 676 1112 715 sententia
1128 688 1266 730 surgat.

217 747 371 784 Aenean
392 745 499 782 acciri
518 758 655 788 omnes,
683 743 914 794 populusque
942 754 1153 795 patresque,

219 812 440 861 Exposcunt
459 827 469 856 ;
500 811 668 861 mittique
689 811 795 855 viros,
825 811 887 861 qui
907 820 1007 849 certa
1027 821 1232 862 reportent.

220 878 258 915 Si
278 878 360 921 tibi,
389 891 481 927 quae
502 891 629 927 posco,
659 878 906 927 promittunt3
935 892 1016 915 nam
1035 878 1122 915 mihi
1143 878 1231 916 facti

220 944 332 981 Fama
351 953 405 981 sat
425 954 478 981 est
497 959 507 989 ;
534 944 676 981 tumulo
695 944 820 981 videor
838 944 991 994 reperire
1012 946 1078 982 sub
1099 945 1161 982 illo

221 1010 332 1047 Posse
353 1010 445 1046 viam
466 1011 512 1047 ad
531 1024 652 1047 muros
670 1020 708 1048 et
728 1011 868 1048 moenia
889 1010 1088 1048 Pallantea.

223 1076 447 1126 Obstupuit,
476 1090 609 1127 magno
629 1076 777 1114 laudum
797 1091 989 1127 percussus
1010 1091 1144 1122 amore,

220 1142 403 1193 Euryalus
422 1158 432 1187 ς
463 1143 568 1180 simul
587 1144 642 1180 his
663 1144 848 1181 ardentem
867 1144 1000 1182 affatur
1019 1144 1175 1182 amicum
1192 1160 1202 1183 ι

220 1209 333 1248 Mene
353 1209 468 1260 igitur
487 1210 625 1247 socium
645 1211 792 1248 summis
812 1212 1010 1263 adjungere
1029 1212 1149 1257 rebus,

219 1275 324 1320 Nise,
354 1274 455 1326 fugis
471 1276 484 1313 ἒ
513 1275 629 1312 solum
648 1284 685 1313 te
704 1276 743 1323 in·
761 1285 862 1314 tanta
881 1276 1044 1326 pericula
1063 1276 1233 1314 mittam?

219 1343 305 1381 Non
325 1343 376 1379 ita
396 1356 451 1379 me
472 1342 630 1393 genitor,
659 1342 762 1380 bellis
783 1351 960 1387 assuetus,
992 1344 1189 1393 Opheltes,

218 1408 446 1462 Argolicum
466 1418 640 1446 terrorem
659 1409 768 1454 inter,
797 1409 1007 1462 Trojaeque
1026 1410 1183 1456 labores,

221 1474 429 1519 Sublatum,
449 1475 580 1512 erudiit
597 1490 608 1520 ;
638 1489 704 1512 nec
725 1484 848 1513 tecum
868 1476 953 1513 talia
972 1477 1082 1528 gessi,

219 1540 498 1592 Magnanimum
519 1542 672 1579 Aenean
691 1551 729 1580 et
749 1542 824 1580 fata
843 1552 1006 1581 extrema
1025 1552 1186 1582 secutus.

219 1607 291 1644 Est
312 1607 384 1651 hic,
403 1617 458 1644 est
479 1609 619 1646 animus
639 1608 730 1646 lucis
749 1619 970 1654 contemtor,
994 1619 1033 1648 et
1051 1611 1162 1648 istum

220 1675 295 1723 Qui
317 1673 390 1710 vita
409 1675 501 1712 bene
520 1676 646 1713 credat
666 1677 749 1719 emi,
778 1691 852 1727 quo
871 1677 1003 1725 tendis,
1022 1678 1212 1716 honorem.

272 1739 384 1777 Nisus
405 1741 449 1777 ad
464 1741 552 1780 haec
571 1757 579 1778 :
609 1742 794 1792 Equidem
814 1745 859 1780 de
878 1753 915 1781 te
935 1743 983 1781 nil
1002 1744 1073 1781 tale
1092 1745 1239 1782 verebar
1256 1762 1267 1792 ;

220 1807 300 1845 Nec
321 1807 373 1845 fas
389 1824 400 1854 ;
419 1822 490 1844 non
507 1823 516 1845 ε
543 1808 594 1845 ita
614 1823 670 1846 me
690 1809 822 1847 referat
842 1810 911 1848 tibi
930 1825 1081 1862 magnus
1100 1820 1267 1851 ovantem

219 1873 384 1923 Jupiter,
399 1883 462 1911 aut
479 1874 702 1926 quicumque
721 1876 835 1914 oculis
850 1877 937 1915 haec
953 1877 1109 1928 adspicit
1129 1880 1264 1930 aequis.

222 1941 308 1985 Sed,
338 1941 366 1978 si
386 1941 481 1992 quis,
501 1955 594 1992 quae
611 1942 726 1980 multa
745 1944 842 1982 vides
861 1944 1064 1982 discrimine
1084 1946 1160 1992 tali,

221 2009 261 2046 Si
282 2008 362 2058 quis
382 2009 418 2045 in
439 2009 627 2047 adversum
645 2010 776 2060 rapiat,
805 2024 965 2056 casusve,
986 2012 1130 2057 deusve,

219 2075 278 2113 Te
295 2089 481 2126 superesse
501 2076 632 2123 velim3
662 2087 726 2115 tua
745 2079 818 2116 vita
837 2078 981 2131 dignior
999 2091 1106 2119 aetas.

220 2142 295 2186 Sit,
323 2143 385 2193 qui
407 2157 477 2188 me,
497 2154 644 2194 raptum
665 2159 801 2198 pugna,
830 2147 993 2197 pretiove
1012 2148 1228 2194 redemtum,

220 2208 376 2248 Mandet
394 2210 507 2248 humo
527 2211 651 2258 solita;
672 2221 749 2260 aut,
761 2212 791 2252 si
806 2213 927 2264 quaid
943 2214 1105 2254 Fortuna
1117 2215 1267 2261 vetabit,
