1455 2685
195 355 228 384 v.
251 347 341 384 299.
525 337 830 380 AENEIDOS
887 338 1010 380 VIII.
1179 341 1255 381 107

194 458 368 501 ίὶῑόυυε,
397 463 664 493 arnnitenens:
698 467 768 490 non
793 462 827 490 te
849 453 997 490 ratknfis
1016 464 1187 505 egenteni

191 524 381 561 Lernaeus
403 523 512 560 turba
531 522 694 571 capitum
715 520 962 558 circumstetit
981 521 1124 571 anguis.

192 591 299 628 Salve
320 594 327 628 Ξ
362 603 443 627 vera
463 590 566 626 Jovis
587 588 721 639 proles,
753 589 864 625 decus
884 588 1009 625 addite
1029 588 1118 624 divis
1137 603 1148 634 ;

192 659 245 695 Et
268 672 332 695 nos
354 667 391 695 et
412 666 475 694 tua
497 657 628 693 dexter
646 655 704 692 adi
725 655 815 705 pede
837 669 936 692 sacra
957 655 1128 693 secundo.

191 725 300 762 Talia
319 724 540 762 carminibus
559 722 744 760 celebrant
761 737 770 760 :
803 735 911 771 super
930 722 1049 758 omnia
1069 722 1160 760 Caci

191 791 415 842 Speluncam
435 790 628 842 adjiciunt,
659 789 931 839 spirantemque
950 789 1097 840 ignibus
1115 789 1247 839 ipsum.

187 859 375 896 Consonat
397 871 503 895 omne
524 871 650 894 nemus
664 857 836 906 strepitu,
856 856 1042 906 collesque
1057 855 1248 894 resultant.

242 924 341 962 Exin
363 939 398 962 se
419 924 545 961 cuncti
567 923 696 960 divinis
718 924 825 960 rebus
846 924 891 960 ad
912 923 1040 960 urbem

185 988 364 1029 Perfectis
384 991 560 1029 referunt.
619 991 705 1027 Ibat
727 1004 804 1034 rex,
834 991 977 1028 obsitus
1000 1004 1088 1028 aevo
1107 1004 1118 1036 ;

185 1057 240 1096 Et
260 1059 434 1096 comitem
455 1057 625 1095 Aeneam
651 1059 774 1109 juxta,
802 1067 1017 1108 natumque,
1045 1057 1194 1095 tenebat

186 1125 420 1177 Ingrediens,
448 1125 621 1175 varioque
642 1125 734 1161 viam
755 1138 919 1162 sermone
938 1124 1094 1163 levabat.

185 1192 361 1237 Miratur,
391 1191 582 1242 facilisque
602 1191 730 1229 oculos
751 1191 823 1229 fert
843 1192 964 1229 omnia
984 1191 1138 1237 circum,

184 1260 350 1304 Aeneas,
379 1259 599 1309 capiturque
619 1259 708 1297 locis
727 1274 738 1304 ς
768 1269 806 1297 et
826 1259 970 1311 singula
989 1258 1106 1297 laetus

184 1326 434 1376 Exquiritque
454 1327 632 1377 auditque
653 1327 767 1363 virum
790 1336 1024 1364 monumenta
1045 1326 1222 1376 priorum.

181 1392 284 1432 Tum
304 1407 366 1431 rex
389 1393 596 1438 Evandrus,
616 1393 803 1430 Romanae
824 1394 995 1431 conditor
1013 1393 1104 1431 arcis
1121 1408 1131 1431 :

183 1460 291 1498 Haec
312 1474 461 1498 nemora
480 1460 668 1512 indigenae
692 1460 809 1497 Fauni
840 1460 1112 1511 Nymphaeque
1141 1469 1240 1498 tene-

181 1527 360 1577 Gensqne
381 1525 495 1564 virum
511 1526 649 1564 truncis
668 1536 705 1563 et
720 1526 813 1563 duro
829 1527 959 1564 robore
974 1536 1076 1565 nata:
1113 1527 1241 1578 [bant,

181 1595 276 1644 Quis
290 1608 406 1644 neque
420 1608 512 1638 mos,
526 1608 643 1644 neque
658 1593 780 1630 cultus
793 1603 891 1640 erat3
910 1609 975 1632 nec
986 1598 1141 1647 jungere
1154 1604 1236 1633 tau-

177 1661 265 1700 Aut
281 1675 499 1712 componere
511 1674 600 1711 opes
613 1669 826 1705 norant,aut
840 1675 988 1711 parcere
1001 1672 1123 1713 parto:
1138 1665 1236 1715 [ros‚

181 1730 256 1767 Sed
277 1729 378 1775 rami,
407 1738 531 1779 atque,
561 1742 664 1778 asper
684 1728 797 1772 victu,
826 1737 974 1766 venatus
994 1729 1128 1768 alebat.

179 1797 322 1835 Primus
343 1796 387 1833 ab
407 1795 568 1833 aetherio
590 1795 686 1833 venit
710 1796 890 1833 Saturnus
912 1795 1093 1847 Olympo,

178 1863 300 1901 Arma
320 1862 420 1902 Jovis
441 1856 600 1914 fugiens,
629 1871 666 1900 et
688 1864 810 1914 regnis
828 1863 932 1900 exsul
952 1864 1117 1903 ademtis.

179 1927 218 1967 Is
239 1944 356 1982 genus
375 1929 546 1974 indocile,
576 1944 618 1968 ac
639 1930 842 1980 dispersum
863 1931 1050 1969 montibus
1070 1931 1164 1977 altis,

178 1997 414 2048 Composuit,
443 1997 615 2049 legesque
636 1998 736 2035 dedit
757 2013 767 2043 ;
800 1997 1026 2049 Latiumque
1048 1998 1167 2037 vocari

176 2063 327 2109 Maluit,
356 2064 411 2101 his
431 2066 601 2114 quoniam
623 2065 786 2103 latuisset
806 2073 911 2102 tutus
932 2066 966 2102 in
987 2065 1073 2103 oris.

177 2132 308 2169 Aurea
329 2146 420 2183 quae
441 2133 649 2183 perhibent,
678 2130 740 2170 illo
761 2133 828 2170 sub
851 2147 935 2185 rege
955 2132 1105 2172 fuerunt

178 2198 355 2237 Saecula:
387 2200 436 2237 sic
459 2200 601 2250 placida
624 2200 783 2251 populos
803 2201 837 2236 in
861 2214 949 2250 pace
970 2202 1135 2252 regebat.

175 2266 358 2305 Deterior
377 2266 492 2305 donec
513 2268 718 2319 paullatim,
748 2282 789 2304 ac
810 2267 973 2314 decolor,
1002 2277 1114 2313 aetas,

233 2333 353 2372 Tom.
379 2334 440 2371 ΙΙ.
713 2335 749 2372 Ο
781 2337 805 2371 2
