1455 2685
273 299 346 335 148
559 295 857 334 AENfflDos
915 296 990 333 1x.
1168 312 1200 335 v.
1217 299 1308 344 688,

271 408 371 445 Tum
392 407 504 459 magis
522 407 725 445 increscunt
745 408 868 444 animis
887 408 1110 445 discordibus
1129 409 1199 446 irae
1218 426 1227 454 ς

272 473 326 512 Et
340 477 412 526 jam
434 474 577 511 collecti
598 475 717 512 Troe's
737 475 983 525 glomerantur
1009 476 1150 520 eodem,

270 541 322 578 Et
343 541 503 578 conferre
523 556 667 578 manum
686 551 722 578 et
744 556 956 592 procurrere
971 542 1115 593 longius
1135 543 1280 579 audent.

321 609 482 646 Ductori
503 609 645 652 Turno,
675 610 810 646 diversa
829 610 863 646 in
885 619 986 660 parte
1007 610 1156 654 furenti,

266 675 522 725 Turbantique
544 676 650 718 viros,
678 675 860 726 perfertur
880 677 1040 721 nuntius,
1070 677 1211 714 hostem

269 742 420 779 Fervere
440 742 548 778 caede
567 755 671 785 nova,
698 750 735 779 et
755 751 878 791 portas
898 743 1067 792 praebere
1087 742 1254 792 patentis.

269 808 420 847 Deserit
438 808 638 858 inceptum,
666 817 788 858 atque,
816 809 959 845 immani
978 808 1142 845 concitus
1162 809 1226 852 ira,

268 874 489 913 Dardaniam
509 876 580 911 ruit
599 875 645 911 ad
664 883 820 924 portam,
850 874 1049 925 fratresque
1070 875 1243 924 superbos
1261 891 1271 920 ;

269 942 324 980 Et
343 941 499 991 primum
519 941 769 990 Antiphaten,
798 941 827 977 is
846 940 938 978 enim
958 956 993 978 se
1013 941 1148 991 primus
1163 943 1309 993 agebat,

264 1007 443 1045 Thebana
462 1008 506 1044 de
525 1016 639 1044 matre
658 1008 812 1044 nothum
835 1008 1052 1057 Sarpedonis
1072 1007 1149 1052 alti,

266 1076 444 1126 Conjecto
465 1074 590 1111 sternit
606 1074 726 1125 jaculo
745 1090 753 1112 :
785 1074 883 1111 volat
905 1074 999 1111 Itala
1019 1088 1150 1111 cornus

265 1141 372 1178 Aera
389 1155 454 1190 per
472 1149 648 1186 tenerum,
677 1141 936 1191 stomachoque
957 1140 1067 1177 infixa
1087 1141 1153 1177 sub
1173 1140 1287 1178 altum

266 1208 403 1245 Pectus
421 1207 496 1244 abit
513 1223 522 1245 ε
553 1208 671 1244 reddit
692 1221 820 1258 specus
839 1207 908 1244 atri
928 1206 1079 1244 volneris
1099 1207 1230 1244 undam

268 1275 518 1323 Spumantem,
547 1282 583 1311 et
600 1274 672 1310 fixo
692 1274 827 1311 ferrum
846 1273 879 1309 in
901 1272 1070 1323 pulmone
1091 1273 1256 1323 tepescit.

267 1340 369 1379 Tum
390 1340 582 1391 Meropem
599 1349 710 1390 atque
731 1340 934 1389 Erymanta
945 1353 1065 1384 manu,
1085 1348 1163 1376 turn
1183 1340 1309 1378 sternit

478 1407 699 1457 Aphidnum
718 1422 728 1452 3

265 1472 368 1511 Tum
383 1472 503 1510 Bitian
519 1473 703 1509 ardentem
718 1471 846 1515 oculis,
863 1471 1059 1522 animisque
1074 1472 1280 1509 frementem
1297 1489 1308 1518 ;

264 1538 351 1576 Non
368 1538 505 1589 jaculo,
535 1553 649 1589 neque
668 1538 760 1576 enim
777 1538 899 1589 jaculo
919 1538 1028 1575 vitam
1048 1538 1106 1575 ille
1126 1539 1279 1576 dedisset
1297 1554 1307 1577 ε

266 1606 339 1643 Sed
358 1620 529 1656 magnum
550 1606 703 1642 stridens
722 1614 890 1642 contorta
909 1605 1090 1655 phalarica
1110 1605 1220 1650 venit,

266 1670 441 1709 Fulminis
461 1681 543 1708 acta
562 1673 670 1709 modo
687 1688 700 1718 5
729 1686 835 1721 quam
855 1686 919 1709 nec
941 1672 1013 1708 duo
1033 1681 1157 1708 taurea
1175 1682 1292 1723 terga,

265 1739 347 1777 Nec
367 1738 504 1788 duplici
526 1752 672 1789 squama
690 1738 800 1775 lorica
819 1738 959 1782 fidelis„
975 1748 1012 1775 et
1032 1752 1133 1783 auro,

267 1804 447 1843 Sustinuit
465 1820 474 1842 ε
496 1804 656 1855 collapsa
675 1813 784 1842 ruunt
804 1804 969 1841 immania
987 1805 1158 1841 membra.
1179 1808 1305 1856 [gens:

265 1871 347 1909 Dat
367 1870 472 1908 tellus
502 1872 694 1922 gemitum,
721 1881 759 1909 et
778 1871 934 1922 clipeum
954 1884 1063 1921 super
1089 1870 1230 1908 intonat
1258 1871 1311 1908 in·

265 1937 393 1987 Qualis
413 1938 447 1974 in
471 1937 640 1975 Euboico
664 1938 835 1976 Baiarum
854 1937 979 1975 littore
999 1938 1184 1987 quondam

266 2004 382 2041 Saxea
401 2004 474 2054 pila
493 2005 606 2048 cadit,
636 2005 775 2055 magnis
796 2018 904 2054 quam
924 2004 1079 2041 molibus
1099 2014 1180 2041 ante

264 2071 524 2109 Constructam
545 2081 660 2122 ponto
674 2073 816 2123 jaciunt
837 2088 847 2116 ;
877 2071 927 2109 sic
948 2071 1007 2107 illa
1026 2073 1162 2108 ruinam

263 2136 383 2175 Prona
403 2138 528 2182 trahit,
559 2139 776 2189 penitusque
796 2138 895 2175 vadis
917 2137 1005 2175 illisa
1025 2139 1228 2176 recumbit:

263 2204 425 2243 Miscent
446 2219 481 2243 se
501 2206 624 2250 maria,
653 2214 690 2243 et
712 2205 835 2257 nigrae
855 2205 1075 2243 attolluntur
1095 2220 1241 2256 arenae:
