1455 2685
209 293 261 334 78
481 291 782 331 AENEIDOS
837 293 936 332 VH.
1117 309 1150 332 v.
1169 298 1256 337 325.

209 404 440 456 Infernisque
459 404 532 442 ciet
552 404 724 448 tenebris,
744 404 803 441 cui
817 404 935 442 tristia
954 404 1063 451 bella,

206 473 376 522 Iraeque,
396 471 630 522 insidiaeque,
652 480 690 508 et
708 471 858 508 erimina
877 472 998 516 noxia,
1019 472 1132 510 cordi.

206 539 298 576 Odit
318 548 355 576 et
374 539 450 588 ipse
471 548 574 588 pater
594 537 744 583 Pluton,
758 538 868 575 odere
887 552 1027 576 sorores

203 605 400 642 Tartareae
421 615 646 643 monstrum:
679 614 738 643 tot
758 619 831 643 sese
852 605 959 643 vertit
979 606 1013 642 in
1034 619 1112 649 ora,

201 671 298 709 Tam
319 685 442 708 saevae
462 671 585 715 facies,
606 681 665 709 tot
684 672 842 722 pullulat
862 682 941 709 atra
960 672 1136 710 colubris.

201 739 324 787 Quam
344 738 441 776 Juno
461 738 517 775 his
538 738 636 776 acuit
655 739 787 783 verbis,
807 753 849 776 ac
868 738 956 776 talia
973 738 1074 776 fatur
1091 753 1102 776 :

201 804 319 842 Hunc
338 804 425 840 mihi
445 805 490 841 da
505 805 706 855 proprium,
722 806 826 857 virgo
840 815 916 843 sata
929 805 1064 850 Nocte,
1079 804 1254 851 laborem,

199 869 314 909 Hanc
333 884 494 921 operam,
514 885 557 909 ne
576 880 700 909 noster
716 872 847 917 honos,
867 871 1063 909 infractave
1082 872 1188 910 cedat

202 937 313 976 Fama
330 937 412 975 loco
431 954 442 984 ;
471 952 540 975 neu
560 938 750 976 connubiis
770 938 905 976 ambire
927 938 1105 976 Latinum

199 1004 397 1042 Aeneadae
416 1005 571 1054 possint,
601 1005 760 1042 Italosve
779 1004 944 1043 obsidere
966 1006 1058 1042 finis.

200 1071 266 1110 Tu
285 1080 390 1122 potes
410 1071 596 1108 unanimos
616 1086 749 1109 armare
768 1072 804 1108 in
824 1071 961 1122 proelia
980 1071 1124 1115 fratres,

196 1138 331 1188 Atque
351 1138 442 1175 odiis
462 1151 599 1175 versare
619 1138 747 1175 domos
763 1153 774 1183 ;
803 1147 845 1175 tu
865 1138 1012 1175 verbera
1031 1138 1142 1176 tectis

198 1205 453 1254 Funereasque
471 1204 601 1241 inferre
622 1204 718 1242 faces
736 1219 746 1242 ε
778 1204 845 1242 tibi
865 1204 1010 1241 nomina
1034 1204 1144 1248 misse,

197 1271 303 1310 Mine
324 1272 477 1309 nocendi
497 1280 604 1309 artes.
635 1271 849 1309 Fecundum
868 1280 1024 1309 concute
1043 1280 1186 1320 pectus,

194 1339 337 1390 Disjice
357 1338 596 1389 compositam
616 1352 758 1388 pacem,
777 1352 855 1376 sere
872 1338 1019 1375 crimina
1038 1337 1123 1375 belli
1139 1352 1150 1376 ε

195 1406 316 1443 Arma
334 1405 433 1451 velit,
460 1415 664 1456 poscatque
682 1404 800 1450 simul,
829 1405 1018 1455 rapiatque
1033 1407 1216 1456 juventus.

247 1473 346 1510 Exin
367 1472 579 1523 Gorgoneis
602 1471 754 1510 Allecto
775 1472 910 1509 infecta
929 1472 1071 1509 venenis

195 1540 380 1589 Principio
402 1539 568 1583 Latium,
596 1548 632 1576 et
653 1538 851 1576 Laurentis
871 1548 971 1576 tecta
990 1540 1135 1590 tyranni

196 1606 316 1650 Celsa,
332 1606 440 1655 petit,
457 1607 683 1656 tacitumque
698 1605 842 1643 obsedit
857 1605 965 1643 limen
977 1606 1157 1643 Amatae:
1180 1607 1246 1657 [is‚

191 1675 313 1724 Quam
330 1688 436 1723 super
450 1674 606 1711 adventu
619 1673 820 1718 Teucrum,
847 1673 1038 1723 Turnique
1051 1674 1244 1724 hymenae-

193 1741 383 1780 Femineae
402 1742 587 1778 ardentem
607 1754 789 1790 curaeque
809 1740 955 1790 iraeque
975 1742 1198 1790 coquebant.

194 1809 300 1847 Huic
320 1809 386 1846 dea
405 1807 577 1846 caeruleis
597 1821 708 1845 unum
728 1807 772 1844 de
791 1807 950 1844 crinibus
969 1820 1126 1858 anguem

191 1875 366 1926 Conjicit,
386 1875 493 1925 inque
515 1874 631 1911 sinum
651 1874 862 1924 praecordia
880 1873 927 1910 ad-
945 1874 1072 1911 intima
1091 1874 1213 1912 subdit
1231 1890 1243 1921 ;

192 1943 280 1991 Quo
301 1941 499 1978 furibunda
516 1942 663 1978 domum
683 1950 845 1978 monstro
861 1940 1074 1991 permisceat
1086 1955 1240 1978 ornnem.

193 2008 274 2051 Ine,
304 2009 397 2045 inter
416 2010 523 2045 vestis
543 2018 580 2045 et
599 2008 690 2044 levia
709 2017 856 2057 pectora
878 2007 1012 2057 lapsus,

190 2074 364 2112 Volvitur
380 2083 523 2112 attactu
541 2074 655 2118 nullo,
675 2074 842 2125 fallitque
862 2074 1045 2112 furentem

189 2141 385 2191 Vipeream
404 2140 579 2191 inspirans
599 2140 750 2178 animam
768 2156 778 2179 z
809 2141 851 2178 fit
871 2140 994 2178 tortile
1014 2141 1109 2178 collo

188 2208 340 2258 Aurum
358 2208 486 2260 ingens
505 2207 667 2254 coluber,
687 2208 730 2247 fit
749 2208 880 2260 longae
897 2208 1014 2247 taenia
1034 2209 1162 2254 vittae,
