1455 2685
177 349 212 373 v.
229 336 321 374 689.
489 332 790 372 AENEIDOS
847 334 946 373 V11.
1182 340 1227 376 91

176 446 348 498 Tegmen
367 445 504 483 habent
523 445 633 496 capiti
651 461 660 484 :
691 445 843 497 vestigia
864 446 960 482 nuda
979 445 1110 483 sinistri

177 513 376 550 Instituere
395 513 498 562 pedis
515 527 526 558 ;
547 512 681 549 crudus
701 511 794 563 tegit
815 511 927 549 altera
948 526 1046 562 pera

228 579 291 617 At
311 578 519 628 Messapus,
537 579 672 629 equum
692 578 863 623 domitor,
887 578 1074 628 Neptunia
1094 578 1226 628 proles,

176 646 299 696 Quem
318 658 434 694 neque
453 644 507 682 fas
527 645 603 696 igni
622 646 792 696 cuiquam
808 659 873 682 nec
894 655 1056 682 sternere
1076 644 1185 690 ferro,

174 711 255 749 Jam
275 710 414 761 pridem
433 711 565 748 resides
584 711 755 762 populos,
785 712 1004 762 desuetaque
1023 711 1119 748 bello

172 777 354 829 Agmina,
373 777 408 813 in
423 790 521 814 arma
532 786 640 815 vocat
656 778 792 822 subito,
814 777 1021 828 ferrumque
1036 788 1223 817 retractat.

174 843 232 881 Hi
252 843 490 882 Fescenninas
509 844 618 888 acies,
650 844 881 894 Aequosque
900 844 1061 882 Faliscos
1079 860 1090 889 ς

173 909 230 948 Ηὶ
252 910 414 948 Soractis
433 910 570 948 habent
589 924 702 954 arces,
733 911 965 961 Flaviniaque
985 924 1082 956 arva,

173 975 228 1014 Et
248 976 382 1015 Cimini
400 991 486 1014 cum
505 986 629 1015 monte
647 977 781 1022 lacum,
810 977 987 1028 lucosque
1008 978 1189 1029 Capenos.

172 1044 284 1082 Ibant
303 1044 448 1094 aequati
468 1059 632 1089 numero,
661 1058 856 1097 regemque
874 1045 1054 1082 canebant
1071 1061 1081 1084 ε

171 1112 252 1150 Ceu
271 1112 454 1161 quondam
474 1111 565 1148 nivei
585 1111 722 1161 liquida
742 1112 835 1149 inter
855 1111 976 1148 nubila
995 1112 1116 1162 cycni,

171 1177 299 1227 Quum
319 1191 392 1215 sese
411 1165 431 1214 e
450 1186 559 1228 pastu
577 1177 752 1221 referunt,
784 1187 822 1215 et
842 1177 953 1229 longa
973 1192 1124 1216 canoros

169 1244 277 1282 Dant
296 1259 360 1295 per
379 1244 472 1282 colla
491 1245 619 1282 modos
636 1260 645 1283 z
678 1253 781 1282 sonat
800 1246 926 1289 amnis,
947 1256 985 1283 et
1006 1247 1099 1284 Asia
1114 1246 1223 1298 longe

170 1311 281 1349 Pulsa
300 1311 416 1361 palus.

169 1377 250 1416 Nec
271 1378 463 1428 quisquam
482 1388 620 1415 aeratas
639 1378 734 1415 acies
754 1392 797 1415 ex
819 1379 962 1429 agmine
982 1388 1087 1417 tanto

167 1443 319 1482 Misceri
339 1454 445 1496 putet
464 1461 475 1491 ς
496 1445 627 1483 ae’riam
648 1446 710 1482 sed
731 1441 880 1496 gurgite
900 1447 945 1482 ab
967 1445 1041 1482 alto

167 1512 332 1564 Urgueri
351 1511 538 1549 volucrum
558 1525 746 1565 raucarum
766 1512 811 1548 ad
825 1512 949 1549 littora
970 1514 1116 1550 nubem.

220 1580 324 1617 Ecce
342 1581 350 1616 !
386 1579 605 1616 Sabinorum
626 1578 745 1629 prisco
766 1579 810 1615 de
831 1580 1021 1630 sanguine,
1047 1592 1219 1630 magnum

166 1646 320 1697 Agmen
333 1645 633 1697 agens,Clausus‚
642 1646 918 1696 magniqueipse
926 1646 1080 1697 agminis
1091 1646 1217 1692 instar;

167 1711 320 1752 Claudia
338 1725 434 1749 nunc
449 1725 470 1748 a
489 1725 563 1762 quo
583 1710 803 1748 diffunditur
821 1720 858 1748 et
879 1712 1008 1754 tribus,
1029 1723 1066 1749 et
1088 1727 1192 1764 gens,

167 1778 611 1829 PerLatium,postquam
623 1778 658 1815 in
673 1788 813 1828 partem
827 1779 912 1816 data
923 1779 1042 1816 Roma
1060 1779 1216 1818 Sabinis.

165 1846 254 1884 Una
273 1845 399 1897 ingens
418 1845 614 1883 Amiterna
632 1846 776 1890 cohors,
797 1845 978 1896 priscique
1000 1846 1178 1896 QuiriteS,

165 1912 273 1951 Ereti
293 1925 419 1949 manus
437 1913 567 1957 omnis,
595 1911 852 1962 oliviferaeque
872 1912 1069 1950 Mutuscae
1087 1928 1098 1957 ;

166 1980 243 2030 Qui
261 1980 488 2018 Nomentum
508 1980 648 2024 urbem,
678 1980 742 2030 qui
766 1980 887 2017 Rosea
907 1993 989 2016 rura
1008 1978 1145 2023 Velini,

166 2047 243 2097 Qui
263 2047 436 2084 Tetricae
448 2046 627 2084 horrentis
639 2060 761 2097 rupes,
777 2056 1008 2096 montemque
1027 2046 1214 2090 Severum,

166 2114 462 2166 Casperiamque,
490 2113 631 2159 colunt,
662 2114 902 2164 Forulosque,
931 2122 968 2151 et
989 2113 1119 2151 flumen
1144 2113 1216 2152 Hi-

430 2181 556 2219 mellae
574 2197 585 2227 ;

168 2248 242 2298 Qui
263 2248 448 2299 Thybrim
458 2248 701 2298 Fabarimque
720 2246 1107 2298 bibunt,quosfrigida
1120 2245 1218 2284 misit.

647 2314 693 2353 M
715 2317 739 2352 ‘2
