<?xml version="1.0" encoding="UTF-8"?>
<!DOCTYPE html PUBLIC "-//W3C//DTD XHTML 1.0 Transitional//EN"
    "http://www.w3.org/TR/xhtml1/DTD/xhtml1-transitional.dtd">
<html xmlns="http://www.w3.org/1999/xhtml" xml:lang="en" lang="en">
 <head>
  <title>
</title>
<meta http-equiv="Content-Type" content="text/html;charset=utf-8" />
  <meta name='ocr-system' content='tesseract 3.04.00' />
  <meta name='ocr-capabilities' content='ocr_page ocr_carea ocr_par ocr_line ocrx_word'/>
</head>
<body>
  <div class='ocr_page' id='page_1' title='image "./operahun02virguoft_0036.png"; bbox 0 0 1455 2685; ppageno 0'>
   <div class='ocr_carea' id='block_1_1' title="bbox 227 313 1275 355">
    <p class='ocr_par' dir='ltr' id='par_1_1' title="bbox 227 313 1275 355">
     <span class='ocr_line' id='line_1_1' title="bbox 227 313 1275 355; baseline 0.003 -5"><span class='ocrx_word' id='word_1_1' title='bbox 227 315 280 350; x_wconf 66' lang='lat'>28</span> <span class='ocrx_word' id='word_1_2' title='bbox 520 313 819 351; x_wconf 84' lang='lat' dir='ltr'>AENEIDOS</span> <span class='ocrx_word' id='word_1_3' title='bbox 875 313 925 350; x_wconf 92' lang='lat' dir='ltr'>V.</span> <span class='ocrx_word' id='word_1_4' title='bbox 1135 329 1167 352; x_wconf 86' lang='lat' dir='ltr'>v.</span> <span class='ocrx_word' id='word_1_5' title='bbox 1185 316 1275 355; x_wconf 80' lang='lat'>746.</span> 
     </span>
    </p>
   </div>
   <div class='ocr_carea' id='block_1_2' title="bbox 230 422 1279 2260">
    <p class='ocr_par' dir='ltr' id='par_1_2' title="bbox 231 422 1264 805">
     <span class='ocr_line' id='line_1_2' title="bbox 288 422 1264 473; baseline 0.002 -13"><span class='ocrx_word' id='word_1_6' title='bbox 288 422 489 473; x_wconf 81' lang='lat' dir='ltr'>Extemplo</span> <span class='ocrx_word' id='word_1_7' title='bbox 509 424 625 460; x_wconf 92' lang='lat' dir='ltr'>socios</span> <span class='ocrx_word' id='word_1_8' title='bbox 651 424 880 473; x_wconf 84' lang='lat' dir='ltr'>primumque</span> <span class='ocrx_word' id='word_1_9' title='bbox 905 423 1052 461; x_wconf 84' lang='lat' dir='ltr'>arcessit</span> <span class='ocrx_word' id='word_1_10' title='bbox 1072 424 1264 470; x_wconf 66' lang='lat' dir='ltr'>Acestem</span> 
     </span>
     <span class='ocr_line' id='line_1_3' title="bbox 234 489 1189 540; baseline 0 -13"><span class='ocrx_word' id='word_1_11' title='bbox 234 489 290 527; x_wconf 85' lang='lat' dir='ltr'>Et</span> <span class='ocrx_word' id='word_1_12' title='bbox 309 489 408 527; x_wconf 89' lang='lat' dir='ltr'>Jovis</span> <span class='ocrx_word' id='word_1_13' title='bbox 426 489 628 539; x_wconf 86' lang='lat' dir='ltr'>imperium,</span> <span class='ocrx_word' id='word_1_14' title='bbox 657 499 695 527; x_wconf 87' lang='lat' dir='ltr'>et</span> <span class='ocrx_word' id='word_1_15' title='bbox 715 491 786 527; x_wconf 88' lang='lat' dir='ltr'>cari</span> <span class='ocrx_word' id='word_1_16' title='bbox 806 501 1002 540; x_wconf 85' lang='lat' dir='ltr'>praecepta</span> <span class='ocrx_word' id='word_1_17' title='bbox 1016 491 1189 540; x_wconf 80' lang='lat' dir='ltr'>parentis,</span> 
     </span>
     <span class='ocr_line' id='line_1_4' title="bbox 235 556 1198 605; baseline 0.002 -13"><span class='ocrx_word' id='word_1_18' title='bbox 235 556 398 600; x_wconf 84' lang='lat' dir='ltr'>Edocet‚</span> <span class='ocrx_word' id='word_1_19' title='bbox 427 565 463 592; x_wconf 88' lang='lat' dir='ltr'>et</span> <span class='ocrx_word' id='word_1_20' title='bbox 483 569 574 605; x_wconf 90' lang='lat' dir='ltr'>quae</span> <span class='ocrx_word' id='word_1_21' title='bbox 594 569 689 593; x_wconf 90' lang='lat' dir='ltr'>nunc</span> <span class='ocrx_word' id='word_1_22' title='bbox 709 557 827 598; x_wconf 81' lang='lat' dir='ltr'>animo</span> <span class='ocrx_word' id='word_1_23' title='bbox 847 556 1023 593; x_wconf 85' lang='lat' dir='ltr'>sententia</span> <span class='ocrx_word' id='word_1_24' title='bbox 1041 564 1198 594; x_wconf 84' lang='lat' dir='ltr'>constet.</span> 
     </span>
     <span class='ocr_line' id='line_1_5' title="bbox 234 621 1207 673; baseline 0 -14"><span class='ocrx_word' id='word_1_25' title='bbox 234 622 353 659; x_wconf 85' lang='lat' dir='ltr'>Haud</span> <span class='ocrx_word' id='word_1_26' title='bbox 371 635 470 658; x_wconf 86' lang='lat' dir='ltr'>mora</span> <span class='ocrx_word' id='word_1_27' title='bbox 490 621 658 664; x_wconf 85' lang='lat' dir='ltr'>consiliis,</span> <span class='ocrx_word' id='word_1_28' title='bbox 679 636 743 658; x_wconf 88' lang='lat' dir='ltr'>nec</span> <span class='ocrx_word' id='word_1_29' title='bbox 759 624 856 673; x_wconf 87' lang='lat' dir='ltr'>jussa</span> <span class='ocrx_word' id='word_1_30' title='bbox 875 631 1015 659; x_wconf 83' lang='lat' dir='ltr'><strong>recusat</strong></span> <span class='ocrx_word' id='word_1_31' title='bbox 1034 622 1207 660; x_wconf 80' lang='lat' dir='ltr'>Acestes,</span> 
     </span>
     <span class='ocr_line' id='line_1_6' title="bbox 233 687 1239 738; baseline 0 -13"><span class='ocrx_word' id='word_1_32' title='bbox 233 689 499 726; x_wconf 81' lang='lat' dir='ltr'>Transcribunt</span> <span class='ocrx_word' id='word_1_33' title='bbox 519 688 599 724; x_wconf 86' lang='lat' dir='ltr'>urbi</span> <span class='ocrx_word' id='word_1_34' title='bbox 619 697 764 733; x_wconf 79' lang='lat' dir='ltr'>matres,</span> <span class='ocrx_word' id='word_1_35' title='bbox 795 687 1042 738; x_wconf 85' lang='lat' dir='ltr'>populumque</span> <span class='ocrx_word' id='word_1_36' title='bbox 1063 688 1239 725; x_wconf 86' lang='lat' dir='ltr'>volentem</span> 
     </span>
     <span class='ocr_line' id='line_1_7' title="bbox 231 753 1159 805; baseline -0.003 -12"><span class='ocrx_word' id='word_1_37' title='bbox 231 755 454 805; x_wconf 86' lang='lat' dir='ltr'>Deponunt,</span> <span class='ocrx_word' id='word_1_38' title='bbox 473 755 609 791; x_wconf 85' lang='lat' dir='ltr'>animos</span> <span class='ocrx_word' id='word_1_39' title='bbox 627 754 676 791; x_wconf 91' lang='lat' dir='ltr'>nil</span> <span class='ocrx_word' id='word_1_40' title='bbox 696 768 846 805; x_wconf 88' lang='lat' dir='ltr'>magnae</span> <span class='ocrx_word' id='word_1_41' title='bbox 865 753 980 790; x_wconf 88' lang='lat' dir='ltr'>laudis</span> <span class='ocrx_word' id='word_1_42' title='bbox 999 764 1159 805; x_wconf 81' lang='lat' dir='ltr'>egentes,</span> 
     </span>
    </p>

    <p class='ocr_par' dir='ltr' id='par_1_3' title="bbox 233 820 1253 1005">
     <span class='ocr_line' id='line_1_8' title="bbox 233 820 1253 870; baseline 0 -13"><span class='ocrx_word' id='word_1_43' title='bbox 233 821 312 870; x_wconf 83' lang='lat' dir='ltr'>Ipsi</span> <span class='ocrx_word' id='word_1_44' title='bbox 331 829 487 857; x_wconf 85' lang='lat' dir='ltr'>transtra</span> <span class='ocrx_word' id='word_1_45' title='bbox 506 830 652 862; x_wconf 87' lang='lat' dir='ltr'>novant,</span> <span class='ocrx_word' id='word_1_46' title='bbox 674 820 896 870; x_wconf 87' lang='lat' dir='ltr'>flammisque</span> <span class='ocrx_word' id='word_1_47' title='bbox 913 820 1056 856; x_wconf 82' lang='lat' dir='ltr'>ambesa</span> <span class='ocrx_word' id='word_1_48' title='bbox 1075 828 1253 870; x_wconf 88' lang='lat' dir='ltr'>reponunt</span> 
     </span>
     <span class='ocr_line' id='line_1_9' title="bbox 235 886 1225 937; baseline -0.002 -13"><span class='ocrx_word' id='word_1_49' title='bbox 235 888 387 925; x_wconf 77' lang='lat' dir='ltr'>Robora</span> <span class='ocrx_word' id='word_1_50' title='bbox 406 886 555 937; x_wconf 85' lang='lat' dir='ltr'>navigiis</span> <span class='ocrx_word' id='word_1_51' title='bbox 570 902 580 931; x_wconf 92' lang='lat'>;</span> <span class='ocrx_word' id='word_1_52' title='bbox 610 894 738 935; x_wconf 84' lang='lat' dir='ltr'>aptant</span> <span class='ocrx_word' id='word_1_53' title='bbox 758 899 947 935; x_wconf 80' lang='lat' dir='ltr'>remosque</span> <span class='ocrx_word' id='word_1_54' title='bbox 968 886 1199 936; x_wconf 87' lang='lat' dir='ltr'>rudentisque</span> <span class='ocrx_word' id='word_1_55' title='bbox 1214 901 1225 930; x_wconf 85' lang='lat'>3</span> 
     </span>
     <span class='ocr_line' id='line_1_10' title="bbox 233 952 1043 1005; baseline -0.001 -14"><span class='ocrx_word' id='word_1_56' title='bbox 233 954 374 1005; x_wconf 84' lang='lat' dir='ltr'>Exigui</span> <span class='ocrx_word' id='word_1_57' title='bbox 394 967 555 996; x_wconf 88' lang='lat' dir='ltr'>numero,</span> <span class='ocrx_word' id='word_1_58' title='bbox 587 952 648 990; x_wconf 87' lang='lat' dir='ltr'>sed</span> <span class='ocrx_word' id='word_1_59' title='bbox 666 952 762 989; x_wconf 90' lang='lat' dir='ltr'>bello</span> <span class='ocrx_word' id='word_1_60' title='bbox 782 952 898 989; x_wconf 86' lang='lat' dir='ltr'>vivida</span> <span class='ocrx_word' id='word_1_61' title='bbox 918 952 1043 990; x_wconf 82' lang='lat' dir='ltr'>virtus.</span> 
     </span>
    </p>

    <p class='ocr_par' dir='ltr' id='par_1_4' title="bbox 232 1018 1279 1458">
     <span class='ocr_line' id='line_1_11' title="bbox 288 1018 1080 1069; baseline 0 -13"><span class='ocrx_word' id='word_1_62' title='bbox 288 1020 433 1056; x_wconf 87' lang='lat' dir='ltr'>Interea</span> <span class='ocrx_word' id='word_1_63' title='bbox 453 1019 600 1055; x_wconf 80' lang='lat' dir='ltr'>Aeneas</span> <span class='ocrx_word' id='word_1_64' title='bbox 620 1019 744 1054; x_wconf 78' lang='lat' dir='ltr'>urbem</span> <span class='ocrx_word' id='word_1_65' title='bbox 762 1018 926 1069; x_wconf 84' lang='lat' dir='ltr'>designat</span> <span class='ocrx_word' id='word_1_66' title='bbox 946 1029 1080 1063; x_wconf 82' lang='lat' dir='ltr'>aratro,</span> 
     </span>
     <span class='ocr_line' id='line_1_12' title="bbox 233 1084 1279 1136; baseline -0.003 -12"><span class='ocrx_word' id='word_1_67' title='bbox 233 1086 465 1134; x_wconf 86' lang='lat' dir='ltr'>Sortitusque</span> <span class='ocrx_word' id='word_1_68' title='bbox 478 1084 604 1120; x_wconf 84' lang='lat' dir='ltr'>domos</span> <span class='ocrx_word' id='word_1_69' title='bbox 619 1099 628 1122; x_wconf 74' lang='grc' dir='ltr'>ε</span> <span class='ocrx_word' id='word_1_70' title='bbox 646 1084 716 1120; x_wconf 88' lang='lat' dir='ltr'>hoc</span> <span class='ocrx_word' id='word_1_71' title='bbox 733 1084 854 1127; x_wconf 89' lang='lat' dir='ltr'>Ilium,</span> <span class='ocrx_word' id='word_1_72' title='bbox 867 1095 902 1120; x_wconf 82' lang='lat' dir='ltr'>et</span> <span class='ocrx_word' id='word_1_73' title='bbox 917 1084 1005 1121; x_wconf 86' lang='lat' dir='ltr'>haec</span> <span class='ocrx_word' id='word_1_74' title='bbox 1020 1085 1100 1121; x_wconf 81' lang='lat' dir='ltr'>loca</span> <span class='ocrx_word' id='word_1_75' title='bbox 1114 1085 1279 1136; x_wconf 79' lang='lat' dir='ltr'>Trojam,</span> 
     </span>
     <span class='ocr_line' id='line_1_13' title="bbox 234 1150 1173 1203; baseline -0.003 -13"><span class='ocrx_word' id='word_1_76' title='bbox 234 1152 326 1191; x_wconf 82' lang='lat' dir='ltr'>Esse</span> <span class='ocrx_word' id='word_1_77' title='bbox 340 1152 456 1203; x_wconf 20' lang='lat' dir='ltr'>jubet*</span> <span class='ocrx_word' id='word_1_78' title='bbox 492 1151 643 1189; x_wconf 80' lang='lat' dir='ltr'>Gaudet</span> <span class='ocrx_word' id='word_1_79' title='bbox 663 1164 777 1200; x_wconf 81' lang='lat' dir='ltr'>regno</span> <span class='ocrx_word' id='word_1_80' title='bbox 798 1150 979 1201; x_wconf 79' lang='lat' dir='ltr'>Trojanus</span> <span class='ocrx_word' id='word_1_81' title='bbox 1000 1151 1173 1194; x_wconf 86' lang='lat' dir='ltr'>Acestes,</span> 
     </span>
     <span class='ocr_line' id='line_1_14' title="bbox 233 1216 1242 1270; baseline -0.001 -15"><span class='ocrx_word' id='word_1_82' title='bbox 233 1218 443 1268; x_wconf 81' lang='lat' dir='ltr'>Indicitque</span> <span class='ocrx_word' id='word_1_83' title='bbox 462 1218 595 1261; x_wconf 84' lang='lat' dir='ltr'>forum,</span> <span class='ocrx_word' id='word_1_84' title='bbox 615 1228 651 1253; x_wconf 91' lang='lat' dir='ltr'>et</span> <span class='ocrx_word' id='word_1_85' title='bbox 673 1216 835 1266; x_wconf 85' lang='lat' dir='ltr'>patribus</span> <span class='ocrx_word' id='word_1_86' title='bbox 856 1217 916 1253; x_wconf 84' lang='lat' dir='ltr'>dat</span> <span class='ocrx_word' id='word_1_87' title='bbox 932 1220 1013 1268; x_wconf 89' lang='lat' dir='ltr'>jura</span> <span class='ocrx_word' id='word_1_88' title='bbox 1033 1219 1181 1254; x_wconf 85' lang='lat' dir='ltr'>vocatis.</span> <span class='ocrx_word' id='word_1_89' title='bbox 1227 1254 1242 1270; x_wconf 48' lang='grc' dir='ltr'><strong><em>ο</em></strong></span> 
     </span>
     <span class='ocr_line' id='line_1_15' title="bbox 232 1283 1102 1332; baseline -0.005 -9"><span class='ocrx_word' id='word_1_90' title='bbox 232 1286 333 1324; x_wconf 89' lang='lat' dir='ltr'>Tum</span> <span class='ocrx_word' id='word_1_91' title='bbox 353 1285 468 1322; x_wconf 81' lang='lat' dir='ltr'>vicina</span> <span class='ocrx_word' id='word_1_92' title='bbox 487 1285 590 1321; x_wconf 80' lang='lat' dir='ltr'>astris</span> <span class='ocrx_word' id='word_1_93' title='bbox 610 1283 774 1332; x_wconf 84' lang='lat' dir='ltr'>Erycino</span> <span class='ocrx_word' id='word_1_94' title='bbox 794 1283 827 1318; x_wconf 87' lang='lat' dir='ltr'>in</span> <span class='ocrx_word' id='word_1_95' title='bbox 849 1283 981 1320; x_wconf 81' lang='lat' dir='ltr'>vertice</span> <span class='ocrx_word' id='word_1_96' title='bbox 1001 1284 1102 1320; x_wconf 88' lang='lat' dir='ltr'>sedes</span> 
     </span>
     <span class='ocr_line' id='line_1_16' title="bbox 232 1348 1204 1398; baseline -0.003 -9"><span class='ocrx_word' id='word_1_97' title='bbox 232 1352 426 1390; x_wconf 86' lang='lat' dir='ltr'>Fundatur</span> <span class='ocrx_word' id='word_1_98' title='bbox 443 1350 577 1388; x_wconf 88' lang='lat' dir='ltr'>Veneri</span> <span class='ocrx_word' id='word_1_99' title='bbox 600 1349 758 1393; x_wconf 79' lang='lat' dir='ltr'>Idaliae3</span> <span class='ocrx_word' id='word_1_100' title='bbox 788 1348 1003 1398; x_wconf 84' lang='lat' dir='ltr'>tumuloque</span> <span class='ocrx_word' id='word_1_101' title='bbox 1025 1349 1204 1394; x_wconf 80' lang='lat' dir='ltr'>sacerdos,</span> 
     </span>
     <span class='ocr_line' id='line_1_17' title="bbox 232 1415 1036 1458; baseline -0.005 -2"><span class='ocrx_word' id='word_1_102' title='bbox 232 1419 298 1456; x_wconf 87' lang='lat' dir='ltr'>Ac</span> <span class='ocrx_word' id='word_1_103' title='bbox 317 1417 421 1454; x_wconf 89' lang='lat' dir='ltr'>lucus</span> <span class='ocrx_word' id='word_1_104' title='bbox 439 1416 511 1453; x_wconf 87' lang='lat' dir='ltr'>late</span> <span class='ocrx_word' id='word_1_105' title='bbox 531 1429 640 1458; x_wconf 84' lang='lat' dir='ltr'>sacer,</span> <span class='ocrx_word' id='word_1_106' title='bbox 665 1416 811 1452; x_wconf 80' lang='lat' dir='ltr'>additur</span> <span class='ocrx_word' id='word_1_107' title='bbox 833 1415 1036 1452; x_wconf 85' lang='lat' dir='ltr'>Anchiseo.</span> 
     </span>
    </p>

    <p class='ocr_par' dir='ltr' id='par_1_5' title="bbox 230 1482 1260 1920">
     <span class='ocr_line' id='line_1_18' title="bbox 286 1482 1243 1533; baseline -0.003 -12"><span class='ocrx_word' id='word_1_108' title='bbox 286 1485 440 1533; x_wconf 84' lang='lat' dir='ltr'>Jamque</span> <span class='ocrx_word' id='word_1_109' title='bbox 459 1483 533 1518; x_wconf 86' lang='lat' dir='ltr'>dies</span> <span class='ocrx_word' id='word_1_110' title='bbox 552 1482 698 1531; x_wconf 77' lang='lat' dir='ltr'>epulata</span> <span class='ocrx_word' id='word_1_111' title='bbox 718 1495 844 1517; x_wconf 80' lang='lat' dir='ltr'>novem</span> <span class='ocrx_word' id='word_1_112' title='bbox 865 1495 954 1531; x_wconf 86' lang='lat' dir='ltr'>gens</span> <span class='ocrx_word' id='word_1_113' title='bbox 973 1482 1100 1524; x_wconf 89' lang='lat' dir='ltr'>omnis,</span> <span class='ocrx_word' id='word_1_114' title='bbox 1120 1491 1157 1518; x_wconf 85' lang='lat' dir='ltr'>et</span> <span class='ocrx_word' id='word_1_115' title='bbox 1176 1482 1243 1518; x_wconf 87' lang='lat' dir='ltr'>aris</span> 
     </span>
     <span class='ocr_line' id='line_1_19' title="bbox 234 1546 1226 1598; baseline -0.004 -11"><span class='ocrx_word' id='word_1_116' title='bbox 234 1550 370 1588; x_wconf 83' lang='lat' dir='ltr'>Factus</span> <span class='ocrx_word' id='word_1_117' title='bbox 390 1548 505 1584; x_wconf 89' lang='lat' dir='ltr'>honos</span> <span class='ocrx_word' id='word_1_118' title='bbox 523 1562 532 1585; x_wconf 78' lang='lat' dir='ltr'>t</span> <span class='ocrx_word' id='word_1_119' title='bbox 564 1546 695 1597; x_wconf 84' lang='lat' dir='ltr'>placidi</span> <span class='ocrx_word' id='word_1_120' title='bbox 716 1556 919 1584; x_wconf 88' lang='lat' dir='ltr'>straverunt</span> <span class='ocrx_word' id='word_1_121' title='bbox 939 1561 1095 1598; x_wconf 83' lang='lat' dir='ltr'>aequora</span> <span class='ocrx_word' id='word_1_122' title='bbox 1117 1548 1226 1591; x_wconf 88' lang='lat' dir='ltr'>venti,</span> 
     </span>
     <span class='ocr_line' id='line_1_20' title="bbox 233 1614 1260 1663; baseline -0.002 -11"><span class='ocrx_word' id='word_1_123' title='bbox 233 1616 373 1653; x_wconf 82' lang='lat' dir='ltr'>Creber</span> <span class='ocrx_word' id='word_1_124' title='bbox 390 1622 429 1650; x_wconf 88' lang='lat' dir='ltr'>et</span> <span class='ocrx_word' id='word_1_125' title='bbox 450 1614 633 1663; x_wconf 78' lang='lat' dir='ltr'>adspirans</span> <span class='ocrx_word' id='word_1_126' title='bbox 653 1628 772 1650; x_wconf 86' lang='lat' dir='ltr'>rursus</span> <span class='ocrx_word' id='word_1_127' title='bbox 788 1623 893 1650; x_wconf 79' lang='lat' dir='ltr'>vocat</span> <span class='ocrx_word' id='word_1_128' title='bbox 914 1614 1058 1650; x_wconf 81' lang='lat' dir='ltr'>Auster</span> <span class='ocrx_word' id='word_1_129' title='bbox 1078 1614 1112 1649; x_wconf 89' lang='lat' dir='ltr'>in</span> <span class='ocrx_word' id='word_1_130' title='bbox 1133 1614 1260 1650; x_wconf 87' lang='lat' dir='ltr'>altum.</span> 
     </span>
     <span class='ocr_line' id='line_1_21' title="bbox 234 1680 1128 1730; baseline -0.003 -11"><span class='ocrx_word' id='word_1_131' title='bbox 234 1681 415 1719; x_wconf 81' lang='lat' dir='ltr'>Exoritur</span> <span class='ocrx_word' id='word_1_132' title='bbox 435 1693 610 1729; x_wconf 82' lang='lat' dir='ltr'>procurva</span> <span class='ocrx_word' id='word_1_133' title='bbox 628 1680 754 1730; x_wconf 87' lang='lat' dir='ltr'>ingens</span> <span class='ocrx_word' id='word_1_134' title='bbox 773 1694 836 1729; x_wconf 85' lang='lat' dir='ltr'>per</span> <span class='ocrx_word' id='word_1_135' title='bbox 853 1680 976 1716; x_wconf 83' lang='lat' dir='ltr'>littora</span> <span class='ocrx_word' id='word_1_136' title='bbox 997 1680 1102 1716; x_wconf 82' lang='lat' dir='ltr'>fletus</span> <span class='ocrx_word' id='word_1_137' title='bbox 1120 1694 1128 1716; x_wconf 92' lang='lat'>:</span> 
     </span>
     <span class='ocr_line' id='line_1_22' title="bbox 233 1745 1238 1796; baseline -0.003 -11"><span class='ocrx_word' id='word_1_138' title='bbox 233 1746 427 1796; x_wconf 88' lang='lat' dir='ltr'>Complexi</span> <span class='ocrx_word' id='word_1_139' title='bbox 446 1746 539 1782; x_wconf 83' lang='lat' dir='ltr'>inter</span> <span class='ocrx_word' id='word_1_140' title='bbox 558 1759 594 1782; x_wconf 89' lang='lat' dir='ltr'>se</span> <span class='ocrx_word' id='word_1_141' title='bbox 614 1755 836 1794; x_wconf 85' lang='lat' dir='ltr'>noctemque</span> <span class='ocrx_word' id='word_1_142' title='bbox 855 1745 1022 1794; x_wconf 85' lang='lat' dir='ltr'>diemque</span> <span class='ocrx_word' id='word_1_143' title='bbox 1041 1754 1238 1783; x_wconf 88' lang='lat' dir='ltr'>morantur.</span> 
     </span>
     <span class='ocr_line' id='line_1_23' title="bbox 235 1811 1197 1864; baseline -0.004 -12"><span class='ocrx_word' id='word_1_144' title='bbox 235 1815 342 1864; x_wconf 83' lang='lat' dir='ltr'>Ipsae</span> <span class='ocrx_word' id='word_1_145' title='bbox 358 1815 431 1864; x_wconf 74' lang='lat' dir='ltr'>Jam</span> <span class='ocrx_word' id='word_1_146' title='bbox 451 1821 597 1856; x_wconf 88' lang='lat' dir='ltr'>matres,</span> <span class='ocrx_word' id='word_1_147' title='bbox 617 1811 698 1860; x_wconf 84' lang='lat' dir='ltr'>ipsi,</span> <span class='ocrx_word' id='word_1_148' title='bbox 719 1811 850 1861; x_wconf 87' lang='lat' dir='ltr'>quibus</span> <span class='ocrx_word' id='word_1_149' title='bbox 869 1825 993 1860; x_wconf 88' lang='lat' dir='ltr'>aspera</span> <span class='ocrx_word' id='word_1_150' title='bbox 1013 1811 1197 1860; x_wconf 86' lang='lat' dir='ltr'>quondam</span> 
     </span>
     <span class='ocr_line' id='line_1_24' title="bbox 230 1876 1100 1920; baseline -0.006 -3"><span class='ocrx_word' id='word_1_151' title='bbox 230 1880 321 1918; x_wconf 83' lang='lat' dir='ltr'>Visa</span> <span class='ocrx_word' id='word_1_152' title='bbox 341 1878 444 1915; x_wconf 82' lang='lat' dir='ltr'>maris</span> <span class='ocrx_word' id='word_1_153' title='bbox 463 1878 584 1920; x_wconf 83' lang='lat' dir='ltr'>facies,</span> <span class='ocrx_word' id='word_1_154' title='bbox 605 1886 641 1914; x_wconf 89' lang='lat' dir='ltr'>et</span> <span class='ocrx_word' id='word_1_155' title='bbox 662 1891 732 1913; x_wconf 89' lang='lat' dir='ltr'>non</span> <span class='ocrx_word' id='word_1_156' title='bbox 751 1876 936 1914; x_wconf 81' lang='lat' dir='ltr'>tolerabile</span> <span class='ocrx_word' id='word_1_157' title='bbox 955 1890 1100 1919; x_wconf 82' lang='lat' dir='ltr'>nomen,</span> 
     </span>
    </p>

    <p class='ocr_par' dir='ltr' id='par_1_6' title="bbox 234 1943 1191 2063">
     <span class='ocr_line' id='line_1_25' title="bbox 234 1943 1191 1994; baseline -0.005 -9"><span class='ocrx_word' id='word_1_158' title='bbox 234 1948 294 1986; x_wconf 86' lang='lat' dir='ltr'>Ire</span> <span class='ocrx_word' id='word_1_159' title='bbox 313 1946 453 1990; x_wconf 89' lang='lat' dir='ltr'>volunt,</span> <span class='ocrx_word' id='word_1_160' title='bbox 473 1958 686 1994; x_wconf 83' lang='lat' dir='ltr'>omnemque</span> <span class='ocrx_word' id='word_1_161' title='bbox 706 1943 814 1994; x_wconf 85' lang='lat' dir='ltr'>fugae</span> <span class='ocrx_word' id='word_1_162' title='bbox 833 1943 990 1993; x_wconf 87' lang='lat' dir='ltr'>perferre</span> <span class='ocrx_word' id='word_1_163' title='bbox 1008 1943 1191 1980; x_wconf 87' lang='lat' dir='ltr'>laborem:</span> 
     </span>
     <span class='ocr_line' id='line_1_26' title="bbox 234 2009 1074 2063; baseline -0.006 -13"><span class='ocrx_word' id='word_1_164' title='bbox 234 2015 340 2063; x_wconf 79' lang='lat' dir='ltr'>Quos</span> <span class='ocrx_word' id='word_1_165' title='bbox 357 2013 475 2049; x_wconf 87' lang='lat' dir='ltr'>bonus</span> <span class='ocrx_word' id='word_1_166' title='bbox 494 2012 640 2048; x_wconf 83' lang='lat' dir='ltr'>Aeneas</span> <span class='ocrx_word' id='word_1_167' title='bbox 660 2010 765 2047; x_wconf 77' lang='lat' dir='ltr'>dictis</span> <span class='ocrx_word' id='word_1_168' title='bbox 785 2010 921 2047; x_wconf 83' lang='lat' dir='ltr'>solatur</span> <span class='ocrx_word' id='word_1_169' title='bbox 940 2009 1074 2053; x_wconf 89' lang='lat' dir='ltr'>amicis,</span> 
     </span>
    </p>

    <p class='ocr_par' dir='ltr' id='par_1_7' title="bbox 233 2075 1222 2260">
     <span class='ocr_line' id='line_1_27' title="bbox 233 2075 1222 2128; baseline -0.006 -10"><span class='ocrx_word' id='word_1_170' title='bbox 233 2081 289 2119; x_wconf 83' lang='lat' dir='ltr'>Et</span> <span class='ocrx_word' id='word_1_171' title='bbox 308 2077 574 2128; x_wconf 84' lang='lat' dir='ltr'>consanguineo</span> <span class='ocrx_word' id='word_1_172' title='bbox 594 2076 781 2114; x_wconf 78' lang='lat' dir='ltr'>lacrimans</span> <span class='ocrx_word' id='word_1_173' title='bbox 801 2075 1026 2111; x_wconf 85' lang='lat' dir='ltr'>commendat</span> <span class='ocrx_word' id='word_1_174' title='bbox 1047 2075 1222 2112; x_wconf 85' lang='lat' dir='ltr'>Acestae.</span> 
     </span>
     <span class='ocr_line' id='line_1_28' title="bbox 236 2142 1160 2194; baseline -0.008 -11"><span class='ocrx_word' id='word_1_175' title='bbox 236 2146 323 2184; x_wconf 83' lang='lat' dir='ltr'>&#39;Tris</span> <span class='ocrx_word' id='word_1_176' title='bbox 345 2144 459 2194; x_wconf 85' lang='lat' dir='ltr'>Eryci</span> <span class='ocrx_word' id='word_1_177' title='bbox 479 2143 622 2188; x_wconf 83' lang='lat' dir='ltr'>vitulos,</span> <span class='ocrx_word' id='word_1_178' title='bbox 642 2153 679 2179; x_wconf 88' lang='lat' dir='ltr'>et</span> <span class='ocrx_word' id='word_1_179' title='bbox 699 2142 999 2191; x_wconf 75' lang='lat' dir='ltr'>Tempestatibus</span> <span class='ocrx_word' id='word_1_180' title='bbox 1017 2154 1160 2192; x_wconf 83' lang='lat' dir='ltr'>agnam,</span> 
     </span>
     <span class='ocr_line' id='line_1_29' title="bbox 233 2205 1210 2260; baseline -0.008 -10"><span class='ocrx_word' id='word_1_181' title='bbox 233 2211 392 2251; x_wconf 80' lang='lat' dir='ltr'>Caedere</span> <span class='ocrx_word' id='word_1_182' title='bbox 411 2208 538 2247; x_wconf 85' lang='lat' dir='ltr'>deinde</span> <span class='ocrx_word' id='word_1_183' title='bbox 552 2210 671 2260; x_wconf 86' lang='lat' dir='ltr'>jubet,</span> <span class='ocrx_word' id='word_1_184' title='bbox 691 2208 850 2259; x_wconf 84' lang='lat' dir='ltr'>solvique</span> <span class='ocrx_word' id='word_1_185' title='bbox 869 2221 914 2245; x_wconf 79' lang='lat' dir='ltr'>ex</span> <span class='ocrx_word' id='word_1_186' title='bbox 933 2207 1057 2244; x_wconf 85' lang='lat' dir='ltr'>ordine</span> <span class='ocrx_word' id='word_1_187' title='bbox 1076 2205 1210 2250; x_wconf 69' lang='lat' dir='ltr'>funem,</span> 
     </span>
    </p>
   </div>
  </div>
 </body>
</html>
