1455 2685
260 319 336 357 194·
548 315 852 355 AENEIDOS
909 315 987 354 XI.
1166 330 1201 355 v.
1219 318 1311 356 215.

263 427 343 466 Hic
365 435 510 473 matres,
530 427 751 478 miseraeque
772 441 896 472 nurus,
915 426 975 464 hic
996 440 1078 464 cara
1098 440 1263 465 sororum

262 493 420 532 Pectora
440 503 681 539 moerentum,
708 494 885 544 puerique
905 493 1120 544 parentibus
1139 493 1235 538 orbi,

262 561 398 600 Dirum
420 571 655 599 exsecrantur
673 560 822 606 bellum,
852 559 1044 610 Turnique
1063 559 1283 611 hymenaeos
1301 575 1311 598 ε

265 628 394 678 Ipsum
413 628 534 673 armis,
553 628 744 678 ipsumque
760 628 891 679 jubent
911 627 1104 665 decernere
1123 626 1234 672 ferro,

264 695 340 745 Qui
360 709 513 747 regnum
530 695 659 732 Italiae
677 704 714 732 et
730 694 865 746 primos
886 694 952 731 sibi
968 703 1097 744 poscat
1116 694 1285 732 honores.

265 762 440 813 Ing-ravat
459 762 547 799 haec
569 775 693 799 saevus
712 762 894 805 Drances,
916 761 1106 812 solumque
1125 761 1248 800 vocari

263 826 454 874 Testatur,
474 828 591 866 solum
611 828 712 878 posci
732 828 766 864 in
787 829 995 873 certamina,
1025 830 1207 868 Turnum.

263 890 389 933 Multa
410 895 515 932 simul
534 906 665 933 contra
685 895 790 932 variis
810 895 986 932 sententia
1005 895 1111 932 dictis

263 961 337 999 Pro
358 962 488 999 Turno
506 977 517 1008 3
538 970 576 999 et
595 975 769 1012 magnum
784 961 926 1012 reginae
939 975 1069 998 nomen
1088 962 1285 1000 obumbrat
1302 976 1313 1000 ι

263 1028 390 1066 Multa
404 1029 523 1066 'virum
543 1028 680 1066 meritis
701 1036 881 1065 sustentat
900 1028 996 1066 fama
1014 1030 1186 1080 tropaeis.

315 1096 401 1133 Hos
419 1096 511 1132 inter
532 1103 669 1139 motus,
689 1095 810 1132 medio
829 1096 864 1132 in
886 1095 1063 1147 flagrante
1083 1096 1260 1141 tumultu,

264 1161 366 1199 Ecce
385 1164 392 1199 !
418 1175 527 1212 super
545 1162 688 1207 moesti,
708 1176 841 1213 magna
860 1162 1052 1200 Diomedis
1072 1163 1117 1200 ab
1138 1163 1242 1208 urbe,

262 1228 401 1280 Legati
420 1242 593 1279 responsa
611 1229 733 1266 ferunt
751 1245 760 1268 ε
792 1229 881 1266 nihil
900 1229 1066 1267 omnibus
1085 1238 1208 1267 actum

262 1295 471 1335 Tantorum
486 1297 655 1348 impensis
671 1311 846 1348 operum3
861 1297 912 1334 nil
924 1298 1033 1342 dona,
1045 1311 1161 1348 neque
1173 1311 1314 1343 aurum,

262 1363 343 1402 Nec
364 1377 512 1415 magnas
531 1364 683 1403 valuisse
702 1378 854 1415 preces:
886 1363 953 1401 alia
972 1378 1070 1401 arma
1090 1363 1233 1402 Latinis

263 1430 493 1479 Quaerenda,
513 1440 576 1469 aut
596 1445 723 1482 pacem
743 1432 908 1484 Trojano
928 1432 974 1469 ab
995 1445 1080 1482 rege
1105 1431 1311 1482 petendam.

261 1496 406 1534 Deficit
424 1497 564 1549 ingenti
583 1497 687 1537 luctu
707 1514 770 1537 rex
790 1499 866 1549 ipse
897 1498 1056 1537 Latinus
1074 1514 1084 1536 ι

263 1563 428 1601 Fatalem
447 1565 603 1603 Aenean
623 1566 817 1603 manifesto
837 1565 982 1603 numine
1002 1565 1087 1603 ferri

259 1629 454 1668 Admonet
474 1632 524 1668 ira
544 1633 664 1678 deum,
684 1632 890 1683 tumulique
910 1640 994 1670 ante
1012 1645 1075 1669 ora
1098 1641 1273 1669 recentes.

259 1695 367 1747 Ergo
387 1698 584 1736 concilium
603 1714 789 1751 magnum,
818 1700 1026 1750 primosque
1046 1712 1208 1744 suorum,

260 1764 423 1814 Imperio
442 1766 594 1810 accitos,
622 1766 695 1803 alta
714 1767 809 1803 intra
828 1766 951 1802 limina
970 1766 1088 1816 cogit.

261 1830 338 1868 Olli
359 1845 571 1880 convenere,
594 1831 786 1882 fluuntque
806 1832 853 1869 ad
872 1832 972 1883 regia
992 1831 1109 1881 plenis

258 1896 382 1935 Tecta
401 1898 477 1935 viis.
510 1898 623 1937 Sedet
643 1898 678 1935 in
699 1898 840 1943 mediis,
859 1908 898 1936 et
918 1898 1096 1935 maximus
1115 1911 1220 1941 aevo,

260 1964 314 2002 Et
335 1965 473 2014 primus
494 1965 662 2016 sceptris,
682 1966 782 2003 haud
800 1965 896 2003 laeta
915 1964 1050 2009 fronte,
1071 1964 1243 2002 Latinus.

256 2032 391 2081 Atque
411 2032 470 2070 hic
490 2032 649 2084 legatos,
669 2032 812 2071 Aetola
831 2047 876 2070 ex
898 2033 988 2070 urbe
1007 2032 1190 2078 remissos,

259 2099 367 2148 Quae
386 2098 561 2144 referant,
590 2098 657 2137 fari
672 2100 793 2151 jubet,
813 2110 850 2137 et
870 2113 1042 2150 responsa
1063 2099 1223 2149 reposcit

262 2165 403 2203 Ordine
422 2174 557 2204 cuncta
577 2180 654 2204 suo.
685 2167 790 2204 Tum
809 2165 910 2204 facta
929 2165 1070 2203 silentia
1087 2165 1237 2217 linguis,

257 2231 312 2271 Et
331 2231 514 2281 Venulus,
542 2232 644 2272 dicto
664 2247 808 2285 parens,
827 2232 878 2271 ita
899 2231 1007 2270 farier
1026 2231 1107 2269 infit
1125 2247 1136 2269 t
