1455 2685
188 307 220 334 v.
238 296 327 334 382.
504 290 806 331 AENEIDOS
863 293 937 331 VI.
1182 296 1234 337 47

187 404 263 444 His
282 405 389 444 dictis
408 418 514 442 curae
533 414 690 450 emotae,
719 403 919 455 pulsusque
938 419 1133 457 parumper

186 472 310 512 Corde
321 472 427 517 dolor
438 471 547 510 tristi:
562 472 700 523 gaudet
713 471 930 523 cognomine
943 481 1049 509 terra.
1069 470 1072 473 ’
1085 476 1236 524 [quantz

241 539 347 590 Ergo
365 539 436 576 iter
454 538 642 588 inceptum
662 547 858 589 peragunt,
888 538 1072 589 fluvioque
1091 541 1241 590 propin-

187 605 322 644 Navita
340 618 432 655 quos
446 606 521 657 jam
539 603 623 640 inde
643 612 684 641 ut
707 603 840 655 Stygia
855 605 1044 655 prospexit
1060 606 1105 642 ab
1127 607 1223 643 unda

187 672 260 711 Per
278 672 432 709 tacitum
452 684 577 708 nemus
595 670 661 714 ire,
690 670 894 721 pedemque
908 671 1093 710 advertere
1112 674 1210 724 ripae
1227 690 1240 720 ;

187 738 250 778 Sic
271 739 370 790 prior
388 738 605 790 aggreditur
624 737 745 782 dictis,
765 746 876 790 atque
892 738 1054 789 increpat
1075 739 1196 778 ultro:

186 806 364 857 Quisquis
384 819 436 851 es,
454 806 613 842 armatus
633 804 696 856 qui
716 814 839 842 nostra
855 805 901 842 ad
916 805 1064 842 flumina
1082 806 1216 853 tendis,

187 873 279 911 Fare
292 872 467 924 age,quid
476 872 685 924 venias3jam
696 872 803 910 istinc
817 881 854 909 et
861 872 1059 922 comprime
1065 886 1240 924 gressum.

187 941 411 979 Umbrarum
427 940 485 977 hic
503 939 605 977 locus
617 948 686 984 est,
696 939 836 983 Somni,
849 938 1058 990 Noctisque
1071 954 1238 991 soporae:

185 1009 353 1059 Corpora
372 1007 448 1044 viva
469 1005 568 1045 nefas
590 1006 723 1057 Stygia
743 1015 885 1043 vectare
904 1006 1035 1045 carina.

186 1076 268 1114 Nec
289 1089 374 1113 vero
395 1073 558 1112 Alciden
580 1087 637 1110 me
657 1085 734 1110 sum
754 1072 907 1110 laetatus
926 1085 1072 1112 euntem

186 1141 391 1191 Accepisse
411 1140 506 1187 lacu,
526 1154 591 1178 nec
612 1140 772 1184 Thesea,
794 1139 1074 1191 Pirithoumque
1093 1156 1103 1187 ;

187 1209 263 1247 Dis
283 1221 502 1259 quamquam
520 1207 649 1259 geniti,
669 1215 779 1259 atque
794 1206 918 1243 invicti
937 1208 1084 1253 viribus,
1108 1220 1238 1246 essent.

187 1274 408 1313 Tartareum
428 1274 487 1312 ille
508 1287 614 1311 manu
634 1273 825 1310 custodem
855 1273 889 1310 in
911 1273 1027 1311 vincla
1046 1275 1189 1325 petivit,

188 1342 309 1393 Ipsius
329 1355 349 1379 a
369 1340 458 1378 solio
478 1341 575 1392 regis
595 1341 781 1391 traxitque
801 1349 1014 1378 trementem
1033 1356 1043 1379 ι

188 1410 245 1448 Hi
266 1408 447 1446 dominam
468 1407 572 1446 Ditis
592 1407 752 1445 thalamo
773 1406 951 1444 deducere
970 1408 1104 1445 adorti.

189 1476 294 1526 Quae
313 1483 442 1512 contra
459 1474 619 1513 breviter
639 1474 714 1512 fata
733 1484 788 1512 est
808 1474 1042 1525 Amphrysia
1062 1483 1159 1512 vates
1177 1489 1186 1512 :

188 1541 321 1580 Nullae
340 1541 400 1579 hic
420 1540 566 1580 insidiae
586 1541 675 1580 tales
694 1558 705 1588 ;
735 1541 869 1579 absiste
889 1541 1025 1578 moveri
1044 1556 1054 1586 ;

190 1609 272 1648 Nec
292 1608 363 1645 vim
384 1607 457 1646 tela
475 1608 596 1646 ferunt
614 1624 624 1647 ε
655 1609 740 1647 licet
761 1607 887 1660 ingens
902 1608 1051 1659 janitor,
1072 1617 1176 1644 antro

188 1676 398 1714 Aeternum
418 1675 566 1721 latrans,
591 1677 785 1728 exsanguis
805 1684 939 1713 terreat
960 1675 1104 1712 umbras
1125 1690 1133 1712 z

190 1746 302 1783 Casta
321 1743 407 1782 licet
427 1744 549 1795 patrui
569 1754 686 1782 servet
707 1743 924 1794 Proserpina
943 1742 1063 1779 limen.

189 1811 329 1848 Tro'i'us
349 1811 512 1856 Aeneas,
533 1812 668 1862 pietate
689 1811 837 1863 insignis
852 1819 891 1848 et
910 1810 1030 1855 armis,

189 1879 259 1917 Ad
278 1878 482 1931 genitorem
502 1879 590 1916 imas
612 1879 728 1916 Erebi
747 1877 933 1915 descendit
954 1878 999 1914 ad
1021 1879 1175 1914 umbras.

192 1946 232 1984 Si
252 1958 289 1984 te
309 1944 408 1983 nulla
428 1954 548 1983 movet
567 1953 691 1983 tantae
711 1944 859 1995 pietatis
880 1945 1016 1996 imago,

191 2014 252 2052 At
273 2027 412 2050 ramum
431 2013 528 2051 hunc
553 2011 687 2066 (aperit
708 2025 845 2048 ramum
859 2011 921 2062 qui
939 2021 1035 2050 veste
1054 2011 1213 2062 latebat)

191 2083 403 2133 Agnoscas.
435 2080 599 2118 Tumida
618 2094 663 2117 ex
684 2080 735 2116 ira
755 2088 834 2116 tum
854 2081 966 2117 corda
985 2080 1145 2117 residunt
1163 2096 1173 2125 ;

192 2148 273 2186 Nec
294 2147 397 2199 plura
416 2147 484 2185 his.
516 2146 598 2191 Ille,
617 2147 796 2184 admirans
816 2146 1018 2184 venerabile
1038 2147 1172 2183 donum

197 2213 332 2253 Fatalis
352 2215 489 2265 virgae,
508 2214 621 2266 longo
642 2224 727 2266 post
750 2225 911 2264 tempore
934 2215 1060 2257 visum,
