1455 2685
159 366 193 391 v.
211 354 302 392 355.
470 347 775 388 AENEIDOS
834 347 910 385 XI.
1139 348 1215 385 199

161 464 265 514 Quin
287 471 407 500 natam
426 462 578 512 egregio
595 474 744 512 genero,
761 458 955 510 dignisque
975 456 1198 507 hymenaeis,

164 531 257 574 Des,
280 539 396 580 pater,
415 538 452 566 et
473 542 599 578 pacem
619 528 713 564 hanc
740 536 886 563 aeterno
908 524 1053 561 foedere
1068 526 1215 574 jungas-

163 598 292 648 Quod,
313 597 341 634 si
361 605 486 636 tantus
506 596 618 633 habet
639 594 768 631 mentis
787 602 825 630 ct
848 605 999 643 pectora
1019 601 1150 645 terror--5

165 665 293 715 Ipsum
313 664 557 706 obtestemur,
578 662 791 711 veniamque
811 674 956 697 oremus
975 659 1019 696 ab
1040 659 1145 708 ipso:

164 732 285 770 Cedat
304 745 313 775 ;
340 732 398 783 jus
417 729 609 780 proprium
630 728 722 779 regi,
753 729 979 778 patriaeque,
1001 726 1177 763 remittat.

165 798 267 849 Quid
289 798 436 838 miseros
456 797 567 834 toties
588 796 622 832 in
643 805 769 846 aperta
788 795 949 846 pericula
967 794 1054 832 civis
1083 797 1187 845 [rum
1207 797 1214 832 !

167 865 334 917 Projicis‚
355 879 377 901 o
397 867 404 902 !
433 864 545 902 Latio
567 872 679 913 caput
700 863 846 906 horum,
880 872 918 900 et
939 876 1077 916 Causea,
1110 863 1222 900 malo-

166 933 279 972 NuHa
300 933 394 970 salus
413 931 510 969 bello
527 946 535 968 :
558 944 684 981 pacem
704 939 741 967 te
762 930 946 980 poscimus
965 944 1105 975 omnes,

165 1000 296 1038 Turne
315 1014 324 1045 ;
357 998 462 1036 simul
481 997 581 1048 pacis
601 997 716 1034 solum
737 997 942 1034 inviolabile
967 998 1114 1049 pignus,

167 1068 312 1106 Primus
331 1081 417 1118 ego,
437 1065 591 1102 invisum
613 1078 721 1115 quem
743 1073 785 1101 tu
804 1065 871 1102 tibi
893 1065 1015 1116 fingis,
1035 1074 1072 1102 et
1092 1078 1169 1102 csse

166 1133 233 1172 Nil
253 1148 387 1178 moror,
407 1147 451 1170 en
469 1135 476 1171 !
503 1131 658 1182 supplex
681 1134 783 1169 venio
803 1147 811 1169 ε
843 1131 1011 1168 miserere
1034 1140 1197 1176 tuorum,

168 1202 271 1239 Pone
291 1201 442 1244 animos,
462 1209 499 1237 et
520 1199 645 1250 pulsus·
667 1199 738 1236 abi.
771 1199 837 1237 Sat
857 1198 984 1236 funera
1003 1197 1076 1236 fusi

167 1268 354 1314 Vidimus,
374 1266 533 1319 ingentis
553 1275 590 1304 et
611 1265 850 1302 desolavimus
870 1279 990 1316 agros.

166 1335 268 1379 Aut,
290 1335 318 1372 si
332 1334 435 1372 -fama
455 1342 590 1376 movet,
613 1333 641 1369 si
661 1341 805 1384 tantum
829 1342 979 1382 pectore
1003 1332 1118 1369 robur

168 1402 359 1452 Concipis‚
380 1409 418 1439 et
439 1401 467 1438 si
487 1401 577 1437 adeo
598 1400 731 1437 dotalis
751 1400 850 1451 regia
870 1400 972 1436 cordi
991 1408 1046 1436 est
1065 1414 1075 1444 3

167 1468 298 1513 Ande,
318 1479 430 1518 atque
449 1468 639 1505 adversum
654 1467 768 1504 fidens
785 1466 839 1504 fer
859 1475 991 1516 pectus
1010 1467 1045 1502 in
1065 1466 1222 1505 hostem.

170 1535 335 1579 Scilicet,
356 1544 397 1572 ut
419 1535 552 1573 Turno
571 1534 764 1585 contingat
785 1527 884 1585 regia
903 1537 1078 1586 conjunx,

169 1603 263 1646 Nos,
283 1602 421 1639 animae
440 1601 542 1646 viles,
562 1601 751 1638 inhumata
770 1601 968 1651 infletaque
994 1601 1119 1643 turba,

169 1670 383 1706 Stet-namur
402 1668 562 1718 campis!
589 1668 642 1706 Et
659 1670 733 1720 jam
754 1678 810 1712 tu,
832 1667 860 1704 si
880 1681 953 1717 qua
972 1666 1039 1703 tibi
1062 1667 1127 1710 vis,

171 1735 211 1774 Si
233 1735 341 1785 patrii
354 1724 452 1785 ⁴quid
473 1734 608 1773 Martis
629 1734 756 1779 habes,
775 1734 875 1772 illum
891 1734 1038 1784 adspice
1056 1742 1200 1778 contra,

171 1802 248 1854 Qui
270 1810 390 1840 vocat.

224 1870 382 1910 Talibus
400 1870 536 1909 exarsit
556 1869 663 1908 dictis
682 1868 852 1907 violentia
871 1869 1010 1907 Turni:

171 1939 253 1978 Dat
273 1937 470 1990 gemitum,
491 1937 703 1988 rumpitque
718 1937 783 1974 has
803 1937 876 1974 imo
898 1946 1048 1987 pectore
1068 1950 1199 1974 voces:

172 2005 300 2057 Larga
319 2005 483 2055 quidem,
512 2005 676 2048 Drance,
699 2018 841 2054 semper
860 2003 927 2041 tibi
947 2003 1055 2054 copia
1075 2002 1176 2041 fandi

172 2071 380 2116 Tum,cum
392 2070 489 2109 bella
502 2085 627 2109 manus
641 2080 818 2121 poscunt3
836 2071 1075 2122 patribusque
1091 2070 1229 2109 vocatis

173 2138 318 2177 Primus
336 2138 433 2176 ades.
469 2138 544 2177 Sed
565 2152 636 2176 non
657 2138 830 2189 replenda
848 2147 903 2176 est
927 2138 1026 2175 curia
1046 2138 1175 2181 verbis,

174 2205 282 2254 Quae
301 2212 385 2243 tuto
404 2205 472 2242 tibi
493 2219 622 2257 magna
642 2205 780 2250 volant,
809 2206 897 2242 dum
917 2205 1065 2242 distinct
1087 2204 1229 2242 hostem

174 2271 313 2322 Agger
331 2284 552 2318 moerorum,
577 2287 642 2312 nec
664 2273 838 2310 inundant
860 2272 1033 2324 sanguine
1054 2270 1183 2311 fossae.

227 2339 343 2378 Tom.
367 2339 425 2376 11.
699 2339 731 2377 B
751 2340 775 2377 b
805 2342 829 2377 4
