1455 2685
130 321 165 345 v.
178 307 272 348 691.
433 305 735 346 AENEIDOS
791 306 868 344 XI.
1108 309 1181 348 211

131 419 300 470 Corpora
317 433 328 457 ε
359 419 422 457 sed
444 420 564 458 Buten
585 431 748 456 aversum
768 417 921 468 cuspide
941 418 1023 456 fixit

131 486 306 529 Loricam
326 485 540 539 galeamque
559 486 666 530 inter,
696 498 769 536 qua
787 484 882 522 colla
902 485 1059 522 sedentis

132 553 297 598 Lucem,
325 562 362 590 et
381 553 483 590 laevo
502 553 686 603 dependet
706 565 829 603 parma
849 552 986 590 lacerto
1004 566 1016 591 ι

131 619 799 672 Orsilochum‚fugiens,magnumque
811 620 950 671 agitata
961 634 1027 670 per
1036 620 1176 666 orbem,

131 686 264 724 Eludit
282 700 376 739 gyro
396 686 560 731 interior,
589 686 827 737 sequiturque
847 696 1057 738 sequentem
1075 702 1085 732 ;

130 752 233 792 Tum
240 752 392 791 validam
402 767 540 805 perque
553 768 650 792 arma
662 755 897 805 viro,perque
909 768 1002 798 ossa,
1011 754 1178 800 securim,

129 819 265 858 Altior
281 833 495 873 exsurgens,
523 822 643 859 oranti
662 831 699 859 et
719 821 834 859 multa
854 821 1031 872 precanti,

131 887 375 939 Congeminat
393 902 403 926 ε
433 888 560 925 volnus
579 888 698 926 calido
719 889 816 940 rigat
836 902 900 925 ora
918 888 1082 925 cerebro.

183 953 322 992 Incidit
342 953 442 999 huic,
470 954 667 1005 subitoque
686 954 863 1005 adspectu
883 955 1032 992 territus
1047 954 1178 1000 haesit,

130 1020 451 1072 Appenninicolae
471 1020 625 1059 bellator
643 1021 738 1058 filius
759 1021 879 1066 Auni,

131 1088 252 1126 Haud
267 1087 453 1140 Ligurum
467 1078 760 1133 extr'emus,dum
771 1088 892 1126 fallere
908 1087 984 1126 fata
999 1088 1176 1127 sinebant.

132 1155 259 1205 Isque,
288 1155 350 1192 ubi
370 1169 406 1193 se
426 1155 528 1193 nullo
543 1158 617 1208 jam
636 1169 746 1194 cursu
764 1155 915 1193 evadere
935 1168 1081 1206 pugnae

130 1221 258 1266 Posse,
288 1235 404 1272 neque
422 1221 617 1260 instantem
637 1223 799 1274 reginam
818 1230 993 1264 avertere,
1013 1221 1144 1268 cernit,

128 1288 292 1328 Consilio
311 1303 449 1327 versare
469 1289 577 1329 dolos
591 1290 774 1342 ingressus
801 1299 838 1327 et
858 1299 954 1334 astu,

131 1357 268 1407 Incipit
287 1356 376 1394 haec
395 1372 405 1395 ε
437 1357 538 1407 Quid
558 1365 633 1394 tam
651 1357 855 1408 egregium,
883 1357 911 1393 si
932 1355 1065 1393 femina
1091 1354 1180 1394 forti

131 1422 234 1461 Fidis
252 1436 349 1474 equo
367 1423 380 1461 ?
407 1422 553 1460 dimitte
573 1421 715 1474 fugam,
731 1431 768 1460 et
788 1432 824 1460 te
839 1421 1041 1460 comminus
1061 1435 1179 1473 aequo

131 1488 283 1528 Mecum
303 1489 408 1527 crede
428 1489 519 1534 solo,
548 1504 767 1541 pugnaeque
786 1491 937 1542 accinge
957 1489 1141 1540 pedestri:

129 1556 212 1594 Jam
233 1570 373 1600 nosces,
402 1566 549 1594 ventosa
569 1556 662 1594 ferat
682 1557 741 1594 cui
760 1557 876 1608 gloria
895 1557 1052 1595 laudem.

130 1624 271 1663 Dixit:
302 1633 340 1661 at
358 1623 432 1668 illa,
460 1623 596 1668 furens,
624 1624 770 1674 acrique
788 1637 936 1662 accensa
956 1624 1095 1670 dolore,

131 1690 267 1729 Tradit
284 1704 419 1740 equum
439 1690 580 1736 comiti,
609 1691 830 1741 paribusque
851 1691 986 1729 resistit
1004 1693 1039 1728 in
1059 1691 1179 1738 armis,

131 1757 232 1796 Ense
251 1757 362 1808 pedes
381 1758 494 1802 nud0‚
524 1771 688 1809 puraque
707 1757 873 1796 interrita
893 1771 1030 1809 parma.

130 1823 192 1863 At
207 1824 362 1874 juvenis,
389 1824 515 1862 vicisse
534 1824 620 1862 dolo
640 1833 751 1870 ratus,
780 1825 900 1863 avolat
928 1826 1019 1875 ipse,

131 1891 251 1930 Haud
270 1905 369 1929 mora
385 1906 396 1938 ς
417 1893 670 1943 conversisque
690 1892 805 1944 fugax
825 1893 993 1930 aufertur
1012 1892 1176 1940 habenis,

130 1959 491 2010 Quadrupedemque
511 1960 627 1998 citum
646 1959 781 1998 ferrata
799 1959 899 1998 calce
920 1959 1067 2012 fatigat.

130 2026 236 2064 Vane
256 2026 391 2079 Ligus,
418 2026 623 2078 frustraque
641 2028 767 2065 animis
784 2027 877 2066 elate
897 2028 1078 2078 superbis,

132 2092 395 2144 Nequidquam
413 2094 547 2144 patrias
564 2095 716 2132 tentasti
734 2094 897 2132 lubricus
917 2095 1004 2132 artis
1021 2110 1034 2141 ς

133 2158 215 2197 Nec
234 2159 332 2198 fraus
350 2169 387 2199 te
406 2161 622 2200 incolumem
642 2161 759 2200 fallaci
779 2161 937 2214 perferet
957 2163 1088 2201 Auno.

134 2224 244 2267 Haec
263 2225 362 2266 fatur
379 2227 483 2281 virgo
500 2245 512 2276 ;
539 2238 591 2276 et,
611 2228 817 2279 pernicibus
836 2229 943 2281 ignea
962 2228 1108 2281 plantis,

565 2296 629 2341 ,D
659 2295 683 2333 d
711 2297 737 2333 2
