1455 2685
215 275 267 312 48
306 303 311 305 .
500 269 800 310 AENEIDOS
857 269 932 307 VI.
1122 262 1264 308 v.410.

215 384 429 423 Caeruleam
448 383 602 425 advertit
622 383 790 432 puppim,
810 382 980 431 ripaeque
1001 380 1236 430 propinquat.

215 452 307 490 Inde
326 451 410 489 alias
429 450 577 495 animas,
597 464 689 500 quae
709 463 774 498 per
787 450 878 500 juga
897 448 1008 498 longa
1027 447 1214 492 sedebant,

215 519 419 559 Deturbat‚
439 518 610 566 laxatque
632 515 731 552 foros
751 531 760 559 3
791 514 897 552 simul
915 514 1052 564 accipit
1071 513 1172 551 alveo

216 587 409 637 Ingentem
441 585 583 621 ³xeneam
605 599 613 619 :
646 583 787 633 gemuit
807 582 873 619 sub
894 582 1053 632 pondere
1073 581 1206 631 cymba

217 653 358 695 Sutilh,
379 661 414 688 ct
436 651 587 688 multam
608 650 749 699 accepit
771 650 901 685 rimosa
921 648 1101 698 paludem.

215 719 398 762 Tandem,
420 728 519 755 trans
539 717 703 761 fluvium,
723 716 914 753 incolumis
933 725 1123 765 vatemque
1139 714 1270 750 virum-

218 785 372 823 Informi
391 785 492 829 limo,
513 785 717 836 glaucaque
735 779 890 832 exponit
909 782 943 818 in
966 781 1059 819 ulva.
1175 784 1270 831 [que

269 853 451 892 Cerberus
470 852 560 888 haec
581 852 708 902 ingens
728 850 862 887 latratu
884 863 997 901 regna
1016 848 1163 885 trifauci

217 920 408 962 Personat,
428 919 576 955 adverso
597 918 771 955 recubans
792 916 954 954 immanis
974 916 1010 952 in
1029 924 1133 952 antro
1152 930 1161 952 ε

218 987 290 1024 Cui
310 995 423 1029 vates,
444 986 590 1022 horrere
610 985 733 1022 videns
748 987 822 1036 jam
843 982 938 1021 colla
958 982 1132 1025 colubris,

218 1051 333 1090 Melle
355 1061 575 1103 soporatam,
595 1061 632 1089 et
647 1052 833 1089 medicatis
851 1050 1034 1102 frugibus,
1054 1048 1165 1086 offam

221 1120 375 1171 Objicit.
408 1119 486 1163 Ille,
507 1118 600 1155 fame
621 1118 756 1161 rabida,
786 1118 855 1154 tria
874 1126 1028 1168 guttura
1047 1116 1222 1165 pandensj

219 1186 385 1236 Corripit
405 1186 601 1237 objectam,
621 1196 732 1235 atque
752 1184 920 1221 immania
937 1193 1042 1235 terga
1061 1181 1207 1220 resolvit

221 1254 340 1291 Fusus
360 1252 474 1295 humi,
495 1261 651 1302 totoque
672 1252 800 1303 ingens
819 1250 1029 1289 extenditur
1048 1260 1166 1287 antro.

221 1320 395 1370 Occupat
415 1319 565 1356 Aeneas
584 1319 725 1356 aditum
745 1318 900 1356 custode
920 1317 1082 1368 sepulto,

221 1387 433 1436 Evaditque
453 1386 550 1423 celer
569 1386 684 1436 ripam
705 1383 936 1422 irremeabilis
955 1384 1089 1422 undae.

275 1454 464 1491 Continuo
485 1453 629 1490 auditae
650 1466 769 1497 voces,
791 1452 935 1503 vagitus
954 1460 993 1488 et
1013 1450 1153 1502 ingens,

221 1520 484 1570 Infantumquc
504 1520 640 1557 animae
660 1520 787 1557 flentes
804 1535 813 1557 :
835 1519 871 1556 in
891 1518 1010 1561 limine
1031 1518 1149 1569 primo

226 1590 333 1639 Quos
353 1587 469 1625 dulcis
490 1588 598 1631 vitae,
617 1587 784 1631 exsortis,
804 1596 841 1624 et
857 1587 902 1623 ab
919 1586 1029 1623 ubere
1049 1595 1187 1636 raptos,

222 1655 398 1693 Abstulit
417 1663 496 1691 atra
515 1654 602 1698 dies,
623 1664 660 1691 ct
681 1653 808 1691 funere
828 1653 953 1690 mersit
972 1653 1117 1690 acerbo.

223 1723 310 1760 Hos
326 1725 432 1774 jiixta
452 1721 542 1758 falso
563 1720 724 1757 damnati
745 1720 894 1757 crimine
923 1719 1066 1757 mortis.

224 1788 306 1827 Nec
328 1803 410 1825 vero
431 1788 498 1824 hae
519 1787 593 1824 sinc
613 1796 711 1824 sorte
731 1787 850 1831 datae,
871 1786 944 1823 siue
960 1786 1099 1838 judice,
1120 1786 1233 1824 sedes.

225 1855 424 1906 Quaesitor
444 1854 568 1892 Minos
588 1867 714 1891 urnam
734 1863 854 1891 movet
874 1870 882 1892 :
913 1853 971 1890 illc
992 1852 1160 1891 silentum

226 1923 506 1974 Conciliumque
525 1931 646 1965 vocat,
666 1920 829 1971 vitasque
849 1929 886 1958 et
906 1920 1056 1958 crimina
1078 1920 1199 1958 discit.

227 1990 400 2028 Proxima
420 1989 548 2026 deiude
568 1997 694 2026 tenent
713 1988 842 2025 moesti
861 1987 957 2032 loca,
979 1988 1042 2037 qui
1062 1987 1128 2025 sibi
1148 1987 1261 2025 letum

229 2058 400 2095 lnsoutes
419 2070 592 2107 peperere
610 2068 730 2098 mauu,
752 2054 944 2104 lucemque
965 2055 1083 2106 perosi

231 2125 422 2176 Projecere
443 2123 590 2160 animas.
632 2123 754 2173 Quam
775 2121 906 2159 vellent
925 2121 1069 2158 aethere
1090 2121 1124 2158 in
1144 2121 1219 2159 alto

230 2191 342 2228 Nune
362 2200 398 2228 et
414 2192 624 2242 pauperiem
644 2199 681 2227 et
701 2189 812 2226 duros
832 2188 991 2240 perferre
1011 2188 1152 2226 labores
1169 2191 1178 2225 l
