1455 2685
214 336 287 375 114
475 336 776 374 AENEIDOS
833 337 956 374 VIII.
1120 352 1152 376 v.
1167 341 1259 378 495.

216 448 361 498 Regem
381 448 426 484 ad
447 447 665 498 supplicium
684 448 863 497 praesenti
880 448 1003 486 Marte
1022 459 1232 498 reposcunt.

214 515 289 553 His
307 529 378 566 ego
398 524 448 559 te,
471 516 612 558 Aenea,
632 515 824 551 ductorem
839 514 996 552 millibus
1010 515 1152 553 addam.

214 582 320 619 Toto
341 595 493 631 namque
513 581 671 618 fremunt
691 582 891 619 condensae
911 580 1037 618 littore
1052 596 1195 632 puppes
1212 597 1224 627 ;

218 648 402 699 Signaque
422 647 514 684 ferre
529 648 684 699 jubent:
706 648 838 685 retinet
853 647 1049 699 longaevus
1068 648 1262 700 haruspex,

217 716 311 753 Fata
328 728 483 752 canens:
514 714 550 751 O
574 714 765 752 Maeoniae
784 714 924 752 delecta
939 716 1110 765 juventus
1129 717 1136 752 !

217 781 303 820 Flos
316 790 478 819 veterum
495 781 677 831 virtusque
693 781 820 825 virum,
836 783 1056 832 quosjustus
1068 782 1102 818 in
1119 782 1262 820 hostem

215 849 304 887 Fert
324 848 442 892 dolor,
470 857 509 885 et
527 848 655 885 merita
673 848 838 884 accendit
868 848 1079 885 Mezentius
1098 849 1149 886 ira
1171 865 1182 895 ;

214 916 318 953 Nulli
338 915 390 952 fas
411 915 507 952 Italo
527 923 667 952 tantam
685 915 902 966 subjungere
923 923 1069 965 gentem
1087 931 1097 953 :

214 983 402 1022 Externos
422 991 550 1032 optate
571 982 693 1019 duces,
724 981 826 1018 Tum
844 981 1003 1018 Etrusca
1022 982 1157 1020 resedit

214 1049 306 1087 Hoc
326 1048 418 1086 acies
438 1062 582 1098 campo,
602 1047 748 1085 monitis
767 1047 941 1084 exterrita
966 1047 1102 1085 divom.

216 1117 303 1166 Ipse
323 1124 484 1152 oratores
503 1115 549 1151 ad
568 1129 625 1151 me
644 1114 819 1165 regnique
839 1122 1009 1150 coronam

215 1183 312 1220 Cum
333 1190 478 1230 sceptro
499 1179 596 1216 misit
615 1180 835 1231 mandatque
855 1180 1008 1231 insignia
1028 1180 1192 1226 Tarcho,

216 1248 418 1286 succedam
437 1247 576 1291 castris,
596 1246 864 1297 Tyrrhenaque
884 1261 995 1298 regna
1015 1262 1209 1299 capessam.

217 1316 290 1353 Sed
311 1314 397 1351 mihi
416 1314 519 1350 tarda
538 1312 637 1364 gelu,
659 1312 855 1362 saeclisque
875 1313 997 1359 effeta,
1017 1324 1184 1353 senectus

216 1381 361 1418 Invidet
379 1380 583 1429 imperium,
605 1392 773 1429 seraeque
795 1380 841 1416 ad
861 1379 970 1418 fortia
990 1381 1092 1421 vires.

215 1448 356 1487 Natum
374 1446 600 1489 exhortarer,
621 1445 670 1489 ni,
690 1445 826 1483 mixtus
845 1455 960 1485 matre
983 1448 1140 1493 Sabella,

216 1514 320 1552 Hinc
339 1522 480 1564 partem
500 1512 637 1563 patriae
656 1512 830 1550 traheret.
862 1513 940 1559 Tu,
962 1517 1064 1566 cujus
1083 1525 1121 1553 et
1139 1518 1237 1555 anuis

216 1581 272 1618 Et
291 1580 415 1631 generi
433 1579 510 1616 fata
528 1578 734 1630 indulgent,
764 1594 871 1630 quem
893 1581 1037 1618 numina
1056 1595 1228 1632 poscunt,

218 1647 431 1698 Ingredere,
451 1660 473 1682 o
494 1645 681 1684 Teucrum
697 1655 807 1696 atque
822 1646 955 1685 Italum
970 1647 1163 1687 fortissime
1178 1651 1266 1688 duc-

218 1713 335 1750 Hunc
355 1712 425 1749 tibi
444 1721 640 1761 praeterea,
661 1726 741 1762 spes
760 1721 797 1749 et
817 1713 944 1749 solatia
963 1715 1090 1760 nostri,
1154 1720 1236 1767 [tor
1253 1721 1261 1755 ἱ

218 1781 384 1819 Pallanta
403 1780 622 1830 adjungam3
652 1780 718 1816 sub
739 1789 775 1816 te
795 1780 948 1818 tolerare
967 1782 1142 1832 magistro

218 1846 393 1885 Militiam
412 1854 450 1882 et
469 1859 578 1896 grave
598 1845 730 1883 Martis
748 1860 856 1896 opus,
877 1856 941 1883 tua
959 1862 1104 1887 cernere
1123 1849 1235 1896 facta,

218 1916 435 1957 Assuescat,
454 1913 577 1963 primis
596 1921 633 1950 et
653 1921 690 1950 te
709 1912 858 1949 miretur
876 1914 920 1950 ab
941 1915 1052 1952 annis.

218 1981 388 2019 Arcadas
406 1979 492 2017 huic
511 1979 652 2030 equites
670 1979 727 2016 bis
746 1988 906 2024 centum,
936 1982 1068 2019 robora
1088 1984 1196 2033 pubis

220 2048 352 2091 Lecta,
372 2047 493 2090 dabo;
522 2047 750 2096 totidemque
771 2060 836 2083 suo
856 2046 924 2083 tibi
944 2049 1086 2086 nomine
1107 2050 1236 2089 Pallas.

270 2113 345 2151 Vix
361 2127 403 2150 ea
421 2113 518 2150 fatus
537 2124 613 2150 erat
631 2129 642 2159 ;
674 2113 856 2163 defixique
875 2128 938 2151 ora
956 2116 1129 2153 tenebant

219 2181 370 2220 Aeneas
390 2179 634 2218 Anchisiades
654 2188 691 2217 et
717 2179 810 2217 fidus
830 2180 1013 2227 Achates,

219 2247 416 2297 Multaque
436 2247 525 2284 dura
545 2260 611 2284 suo
631 2246 726 2286 tristi
745 2260 829 2284 cum
848 2249 959 2287 corde
979 2251 1158 2300 putabant
1176 2267 1186 2295 ς
