1455 2685
219 324 271 360 9⁴2
484 321 784 361 AENEIDOS
840 323 940 362 VII.
1125 340 1158 365 v.
1175 327 1266 368 716.

222 430 370 477 Nursia,
397 440 434 470 et
457 433 640 471 Hortinae
660 435 802 478 classes,
831 435 1032 486 populique
1053 436 1180 474 Latini
1198 453 1208 483 ;

223 501 401 549 Quosque
416 514 550 545 secans,
569 501 779 545 infaustum,
795 501 959 539 interluit
979 502 1096 548 Allia,
1117 518 1265 544 nomen:

223 566 345 615 Quam
365 567 469 604 multi
491 567 638 617 Libyco
659 567 853 605 volvuntur
871 583 1047 607 marmore
1076 571 1224 616 fluctus,

222 634 357 669 Saevus
377 634 439 669 ubi
460 633 577 671 Orion
598 634 756 671 hibernis
775 635 947 672 conditur
965 637 1082 681 undis,

221 699 305 743 Vel,
326 714 439 749 quum
460 699 533 737 sole
553 714 646 736 novo
667 700 794 737 densae
814 709 1000 738 torrentur
1018 703 1144 740 aristae

220 768 307 805 Aut
329 766 461 804 Hermi
481 780 625 816 campo,
646 776 709 803 aut
730 767 870 817 Lyciae
890 769 1102 806 flaventibus
1122 771 1226 808 arvis.

223 835 336 872 Scuta
357 842 499 877 sonant,
520 833 702 883 pulsuque
724 834 855 883 pedum
877 836 1073 873 conterrita
1092 836 1212 873 tellus.

274 900 377 937 Hinc
398 900 727 950 AgamemnoniuS,
749 901 900 952 Trojani
920 902 1071 939 nominis
1090 903 1218 948 hostis,

220 969 340 1006 Curru
355 967 478 1019 jungit
501 966 662 1004 Halesus
681 981 807 1017 equ08‚
836 967 1039 1019 Turnoque
1058 969 1195 1007 feroces

221 1033 327 1072 Mille
347 1034 442 1084 rapit
462 1033 644 1083 populos:
677 1043 822 1071 vertunt
844 1033 961 1071 felicia
983 1036 1132 1073 Baccho

219 1099 380 1139 Massica
401 1100 463 1149 qui
484 1101 606 1136 rastris
626 1117 635 1145 ;
664 1110 700 1138 et
722 1115 814 1151 quos
834 1102 878 1138 de
906 1101 1060 1139 collibus
1080 1103 1160 1139 altis

217 1167 392 1205 Aurunci
411 1166 537 1203 misere
558 1177 691 1216 patreS,
724 1168 954 1218 Sidicinaque
970 1170 1076 1221 juxta

217 1234 424 1283 Aequorag
446 1233 582 1283 quique
602 1233 709 1271 Cales
722 1233 891 1284 linquunt
908 1251 918 1279 ;
941 1236 1125 1287 amnisque
1145 1239 1266 1276 vadosi

216 1299 365 1338 Accola
385 1299 573 1344 Volturni,
603 1301 810 1351 pariterque
832 1302 1015 1340 Saticulus
1043 1317 1160 1354 asper,

219 1369 478 1418 Oscorumque
498 1382 635 1406 manus.
693 1368 849 1406 Teretes
869 1379 952 1408 sunt
968 1371 1114 1421 aclydes
1134 1373 1202 1410 illis

216 1435 312 1474 Tela
330 1451 340 1481 ;
371 1436 433 1472 sed
453 1435 541 1472 haec
560 1434 660 1472 lento
681 1449 758 1472 mos
777 1444 830 1473 est
851 1446 977 1486 aptare
997 1438 1142 1489 flagello
1160 1454 1170 1477 ε

218 1503 359 1540 Laevas
379 1511 500 1540 caetra
520 1502 615 1552 tegit
633 1517 642 1540 ε
675 1501 797 1539 falcati
817 1505 1017 1543 comminus
1045 1519 1157 1542 enses.

269 1570 349 1608 Nee
370 1578 411 1606 tu
433 1570 650 1606 carminibus
670 1570 801 1607 nostris
823 1570 981 1608 indictus
1001 1572 1128 1616 abibis,

218 1636 371 1680 oebalo,
391 1650 499 1685 quem
521 1651 709 1687 generasse
728 1637 849 1674 Telon
872 1638 1070 1676 Sebethide
1091 1640 1252 1689 nympha

218 1703 365 1746 Fertur,
394 1701 599 1739 Teleboum
625 1703 785 1751 Capreas
804 1718 916 1752 quum
937 1718 1049 1755 regna
1069 1714 1211 1743 teneret

215 1772 296 1809 Jam
318 1768 434 1806 senior
452 1784 460 1806 ε
492 1768 619 1819 patriis
639 1770 700 1805 sed
722 1783 793 1805 non
814 1780 851 1806 et
871 1770 965 1807 filius
985 1771 1075 1808 arvis

216 1837 440 1879 Contentus,
468 1835 541 1872 late
556 1837 631 1885 jam
651 1844 729 1872 tum
750 1835 886 1873 ditione
906 1838 1092 1886 premebat

220 1903 392 1941 Sarrastis
405 1901 720 1951 populos,etquae
728 1902 822 1953 rigat
830 1916 986 1952 aequora
995 1904 1141 1947 Sarnus,
1162 1909 1264 1956 [nae,

217 1970 366 2020 Quique
377 1968 513 2006 Rufras
522 1968 766 2019 Batalumque
782 1979 1040 2020 tenent,atque
1048 1985 1129 2007 arva
1137 1972 1268 2010 Celen-

216 2039 271 2079 Et
292 2051 384 2088 quos
403 2035 585 2073 maliferae
603 2036 820 2085 despectant
841 2038 981 2074 moenia
1002 2037 1181 2077 Abellae:

215 2103 427 2143 Teutonico
444 2103 515 2140 ritu
537 2103 633 2139 soliti
653 2112 824 2153 torquere
845 2104 975 2141 cateias
992 2120 1002 2150 ;

217 2171 400 2223 Tegmina
420 2171 503 2220 quis
523 2170 684 2220 capitum
705 2180 830 2221 raptus
850 2172 894 2209 de
915 2173 1040 2209 subere
1059 2182 1184 2210 cortex
1201 2189 1211 2225 ;

216 2239 453 2289 Aerataeque
473 2237 607 2276 micant
623 2237 755 2288 peltae,
771 2238 880 2276 micat
900 2252 1022 2276 aereus
1043 2239 1146 2276 ensis,
