1455 2685
205 284 283 321 192
505 272 806 319 AENEIDOS
863 272 940 320 XI.
1108 297 1142 320 v.
1162 278 1255 322 159.-

204 392 309 431 Felix
330 401 447 430 morte
467 402 544 437 tua,
565 408 681 444 neque
701 393 735 430 in
756 394 853 431 hunc
874 403 1012 431 servata
1032 394 1193 432 dolorem
1213 399 1222 433 ἕ

209 459 352 497 Contra
370 474 441 511 ego
461 460 612 497 vivendo
633 461 700 497 vici
721 473 798 497 mea
817 460 905 505 fata,
926 471 1108 510 superstes

205 526 398 564 Restarem
419 537 459 564 ut
479 528 637 578 genitor.
669 527 813 564 Troum
836 527 933 564 socia
952 541 1050 564 arma
1071 537 1252 572 secutum,

203 593 415 631 Obruerent
431 594 562 631 Rutuli
575 593 671 631 telis!
691 594 842 630 animam
855 594 932 644 ipse
945 594 1134 639 dedissem,
1157 598 1249 645 [ret!

200 661 336 711 Atque
351 661 441 698 haec
456 675 592 711 pompa
607 663 756 698 domum
772 675 843 705 me,
863 675 933 698 non
952 661 1128 706 Pallanta,
1144 661 1256 698 refer-

201 726 282 764 Nec
303 741 364 764 vos
383 727 579 778 arguerim,
599 728 752 772 Teucri,
776 743 840 765 nec
856 727 1017 772 foedera,
1037 742 1117 773 nec,
1138 736 1227 778 quas

201 794 394 832 Junximus
413 794 587 844 hospitio,
609 795 780 832 dextras:
813 808 889 831 sors
909 796 978 832 ista
997 805 1163 832 senectae

204 860 348 899 Debita
367 870 444 898 erat
464 870 619 899 nostrae.
655 862 783 911 Quod,
804 862 832 898 si
851 862 1043 899 immatura
1061 862 1228 898 manebat

201 927 310 966 blors
330 937 454 966 natum
473 944 484 974 ;
513 929 624 967 caesis
644 928 868 966 Volscorum
884 928 1043 965 millibus
1063 938 1162 973 ante,

201 996 414 1036 Ducentem
434 996 469 1032 in
492 996 645 1033 Latium
665 996 832 1033 Teucros
852 994 1024 1032 cecidisse
1043 995 1199 1046 juvabit.

202 1063 304 1112 Quin
325 1066 396 1114 ego
416 1076 487 1099 non
507 1062 576 1099 alio
596 1063 726 1114 digner
744 1072 780 1100 te
800 1061 938 1106 funere,
960 1062 1074 1106 Palla,
1122 1066 1254 1112 [quam

202 1130 325 1178 Quam
351 1129 433 1179 pius
453 1129 617 1174 Aeneas,
649 1140 686 1167 et
708 1136 816 1180 quam
847 1129 970 1180 magni
1006 1129 1186 1180 Phryges,
1216 1139 1254 1167 et

202 1195 467 1246 Tyrrhenique
487 1196 611 1240 duces,
631 1196 867 1246 Tyrrhenum
886 1196 1068 1233 exercitus
1087 1196 1215 1233 omnis.

201 1262 345 1314 BIagna
363 1271 513 1313 tropaea
532 1263 668 1308 ferunt,
689 1278 781 1313 quos
801 1264 864 1300 dat
885 1272 949 1300 tua
969 1264 1118 1300 dextera
1138 1262 1226 1300 leto.

203 1329 269 1367 Tu
289 1343 437 1379 quoque
458 1343 553 1366 nunc
574 1339 687 1367 stares
702 1330 865 1366 immanis
881 1338 1033 1366 truncus
1052 1329 1087 1365 in
1107 1329 1226 1374 armis,

169 1412 173 1416 ’
202 1397 313 1434 Esset
333 1411 398 1447 par
416 1406 528 1440 aetas,
548 1407 585 1434 et
606 1396 700 1434 idem
721 1397 749 1433 si
768 1397 881 1433 robur
898 1397 943 1433 ab
963 1396 1076 1440 annis,

202 1463 344 1501 Turne.
377 1464 452 1501 Sed
467 1462 594 1500 infelix
615 1463 782 1501 Teucros
798 1463 888 1513 quid
908 1463 1077 1500 demoror
1096 1463 1227 1503 armis?

202 1529 351 1575 Vadite,
370 1539 407 1567 et
427 1530 516 1567 haec
538 1543 713 1567 memores
733 1530 812 1581 regi
832 1531 1001 1567 mandata
1021 1530 1153 1568 referte
1171 1546 1187 1568 ς’

203 1598 318 1646 Quod
339 1596 449 1634 vitam
468 1610 592 1633 moror
610 1596 772 1641 invisam,
794 1596 958 1634 Pallante
977 1604 1158 1648 peremto,

202 1663 370 1701 Dextera
382 1677 506 1700 caussa
519 1672 582 1700 tua
594 1673 670 1709 est3
694 1665 867 1702 Turnum
884 1674 1071 1716 gnatoque
1088 1665 1253 1715 patrique

204 1731 328 1780 Quam
348 1730 479 1767 debere
498 1729 610 1766 vides.
641 1729 790 1767 Meritis
809 1743 912 1767 vacat
932 1731 990 1768 hic
1010 1732 1077 1768 tibi
1097 1731 1209 1777 solus,

204 1797 476 1847 Fortunaeque,
494 1796 610 1834 locus.
642 1797 728 1834 Non
750 1797 841 1834 vitae
861 1797 994 1849 gaudia
1014 1812 1148 1848 quaero
1167 1813 1177 1843 ;

203 1864 285 1902 Nee
305 1863 358 1900 fas
377 1879 386 1903 ι
417 1864 480 1900 sed
499 1872 584 1900 nato
605 1860 728 1902 Manis
744 1863 904 1914 perferre
925 1864 991 1902 sub
1011 1864 1115 1903 imos.

257 1931 410 1969 Aurora
429 1930 564 1968 interea
583 1929 718 1967 miseris
731 1930 947 1968 mortalibus
965 1930 1095 1968 almam

203 1997 402 2035 Extulerat
421 1997 552 2041 lucem,
580 1996 738 2034 referens
757 2011 868 2048 opera
885 2008 995 2048 atque
1015 1997 1170 2036 labores.

202 2067 283 2104 Jam
304 2074 408 2116 pater
427 2066 588 2110 Aeneas,
603 2067 690 2117 jam,
705 2079 816 2103 curvo
836 2066 871 2102 in
891 2065 1029 2111 littore,
1049 2065 1202 2103 Tarcho

203 2133 436 2171 Constituere
457 2146 580 2184 pyras.
611 2130 704 2169 Huc
731 2146 898 2182 corpora,
919 2133 1072 2182 quisque
1092 2146 1264 2178 suorum,-

204 2198 313 2237 More
333 2199 448 2238 tulere
465 2208 612 2250 patrum
630 2214 641 2245 3
671 2200 917 2252 subjectisque
938 2200 1083 2251 ignibus
1104 2199 1193 2237 atris·
